2560 3476
229 423 334 451 Datum
353 417 537 451 Avenione.

274 632 315 659 26
327 631 385 666 jul.
410 630 499 659 1328.

269 679 326 712 (vn
341 675 401 704 kal.
420 677 500 711 aug.)

330 721 361 748 T.
380 721 437 748 XX.

346 951 381 978 Ut
397 959 422 978 ε.

315 996 346 1023 Τ.
363 995 456 1023 XXIV.

347 1164 384 1193 Ut
400 1173 425 1192 s.

326 1209 356 1235 T.
377 1208 448 1236 XVI.

346 1271 383 1299 Ut
403 1279 428 1299 s.

348 1537 385 1565 Ut
399 1546 424 1565 s.

292 1583 323 1611 T.
341 1583 414 1615 XIII,
429 1582 486 1610 XV.

350 1912 387 1940 Ut
405 1920 430 1942 s.

320 1957 351 1985 T.
368 1957 463 1985 XXVI.

354 2501 391 2529 Ut
411 2509 436 2528 s.

300 2546 331 2573 T.
347 2546 394 2581 XI,
411 2545 484 2574 XIII.

283 2820 325 2848 27
339 2820 397 2855 jul.
418 2820 506 2849 1328.

289 2868 332 2901 (vi
350 2865 409 2893 kal.
426 2865 506 2901 aug.)

301 2909 332 2938 T.
354 2910 402 2945 xl,
420 2909 495 2938 XIII.

592 330 767 362 JOANNIS
789 330 909 361 PAPAE
929 329 1032 375 XXII.
1056 328 1303 370 (1316-1334).
1327 344 1366 349 —
1388 327 1575 358 LITTERAE
1598 327 1823 359 COMMUNES
2166 329 2227 359 345

627 520 741 552 abbati
756 522 901 552 monast.
919 519 1158 560 Syhergensis‚
1174 518 1349 550 Colonien.
1373 518 1432 555 di.,
1451 517 1484 548 et
1501 517 1703 554 subdecano,
1722 526 1759 548 ac
1779 517 1918 557 Syfrido
1936 518 1976 549 de
1994 518 2227 557 Bennenberg,

627 583 700 605 can.
720 574 799 605 0001.
819 573 1047 605 Coloniensis.
1065 573 1116 610 (Α.
1132 574 1183 610 30,
1203 572 1225 603 f.
1246 574 1306 603 696
1317 571 1347 607 ¹¹;
1365 571 1402 602 V.
1421 572 1472 607 86,
1488 579 1541 610 ep.
1559 571 1663 611 1544.)

673 624 810 657 42007.
829 646 867 651 ——
891 627 1006 658 Abbati
1029 630 1160 657 monast.
1187 626 1224 657 de
1247 626 1340 662 Lacu,
1358 629 1386 655 el
1410 624 1530 655 cantori
1555 624 1766 665 Limporqen„
1785 635 1819 655 ac
1835 624 1996 655 scolastico
2020 625 2229 660 Welslarien.,

631 681 789 712 Treveren.
802 681 860 718 di.,
873 680 945 712 eccl.
960 680 1181 712 committitur
1196 688 1298 710 causa
1313 677 1554 718 appellationis
1568 686 1628 716 per
1645 677 1882 709 Embriconem
1898 679 1938 709 de
1955 678 2140 714 Schoneke,
2157 687 2232 709 can.

629 735 742 766 saecul.
762 735 842 766 eccl.
861 734 1061 765 Monasterii
1081 734 1115 764 in
1131 732 1336 773 Meynevelt,
1356 732 1453 762 dictae
1469 732 1530 767 di.,
1549 731 1759 770 interpositae
1777 732 1816 762 de
1834 732 1996 763 electione
2012 732 2047 763 in
2063 732 2234 763 discordia

629 787 798 820 celebrata
810 788 924 819 favore
933 788 1041 827 ejusd.
1051 786 1268 818 Embriconis
1281 787 1314 817 et
1324 785 1462 816 Henrici
1475 785 1556 815 dicti
1568 785 1608 815 de
1621 785 1674 815 Mo
1681 785 1827 815 nasterio
1841 785 1877 815 in
1886 785 2090 824 Meynevelt,
2106 785 2233 824 presb„

630 851 703 873 can.
729 841 878 881 praefatae
904 841 999 878 0001.,
1023 841 1065 871 ad
1083 840 1344 880 praeposituram
1371 838 1483 878 ipsius
1505 838 1598 874 0001.,
1618 846 1678 877 per
1698 838 1827 869 obitum
1845 838 2030 870 Alexandri
2045 840 2233 870 vacantem.

630 895 687 937 (Α.
700 896 751 932 31,
771 895 850 926 1114
864 900 892 931 ⁸3
913 894 950 926 V.
967 896 1019 932 86,
1036 903 1089 934 ep.
1106 895 1210 932 1561.)

675 945 814 978 42008.
835 965 874 970 -
890 947 1040 989 Philippo
1057 947 1095 978 R.
1112 947 1150 979 F.
1171 946 1342 978 indultum
1357 947 1395 977 ut
1413 954 1474 985 pro
1489 945 1639 976 instante
1657 945 1820 985 tempore,
1833 954 1908 976 cum
1923 945 2037 985 ipsum
2054 945 2089 976 in
2106 945 2235 984 campis

631 1001 811 1041 contigerit
823 1001 1012 1032 exercitum
1025 1001 1203 1036 interesse,
1215 999 1326 1040 possit
1339 999 1374 1030 in
1385 998 1518 1030 duobus
1530 998 1586 1030 vel
1600 998 1757 1038 pluribus
1770 999 1866 1034 locis,
1879 999 1908 1029 si
1922 999 2106 1038 expediens
2123 998 2236 1035 fuerit,

630 1056 665 1086 in
684 1054 852 1086 altaribus
867 1054 1100 1094 portatilibuS,
1124 1054 1230 1085 etiam
1251 1054 1286 1084 in
1313 1053 1387 1093 ejus
1405 1051 1571 1089 absentia,
1589 1052 1716 1083 missas
1734 1054 1766 1084 et
1784 1052 1853 1083 alia
1869 1052 1985 1083 divina
2000 1052 2112 1083 officia
2126 1051 2236 1083 facere

630 1108 806 1140 celebrari.
827 1108 879 1148 (A.
897 1109 950 1145 30,
969 1107 993 1139 f.
1009 1109 1069 1139 585
1087 1107 1117 1144 ¹³;
1143 1107 1177 1138 V.
1191 1108 1242 1143 87,
1260 1115 1312 1147 ep.
1328 1106 1438 1146 2439.)

675 1159 813 1191 42009.
833 1179 872 1185 -
889 1162 975 1202 May.
1001 1161 1093 1191 Petro
1118 1159 1285 1197 Cabiscoli,
1310 1170 1378 1191 can.
1409 1164 1438 1190 et
1462 1160 1606 1201 operario
1633 1158 1705 1190 eccl.
1733 1159 1901 1195 Albiensis,
1922 1159 2060 1190 licentia
2078 1159 2237 1190 testandi.

632 1216 686 1255 (A.
704 1217 756 1254 30,
775 1215 799 1247 f.
815 1217 876 1247 680
893 1220 926 1251 ³3
951 1215 987 1246 V.
1000 1216 1052 1252 87,
1072 1223 1125 1255 ep.
1142 1215 1249 1254 2570.)

675 1266 814 1299 42010.
833 1285 872 1290 -
887 1268 1102 1310 Berenquario
1115 1268 1266 1305 Beraudi,
1281 1277 1364 1298 mon.
1382 1271 1513 1297 monast.
1531 1276 1558 1298 s.
1571 1266 1747 1307 Theofredi,
1758 1266 1791 1298 O.
1811 1266 1846 1298 S.
1862 1266 1916 1305 Β.,
1933 1266 2075 1298 Anicien.
2091 1266 2150 1303 di.,
2168 1274 2241 1306 gra·

630 1325 678 1355 tia
692 1331 788 1363 exsp.
805 1322 976 1363 prioratus
992 1331 1054 1354 seu
1072 1322 1128 1353 off.
1146 1321 1201 1353 vel
1217 1321 1328 1352 benef.
1349 1330 1378 1352 c.
1398 1330 1426 1352 c.
1442 1321 1498 1352 vel
1513 1329 1540 1351 s.
1563 1329 1591 1351 c.
1608 1321 1682 1360 (100
1699 1320 1723 1351 1.
1739 1320 1793 1360 t.),
1810 1320 1852 1351 ad
1870 1320 2088 1351 collationem
2106 1319 2239 1351 abbatis

631 1377 665 1408 et
679 1385 775 1408 conv.
794 1375 902 1416 ejusd.
920 1377 1080 1413 monast„
1099 1376 1132 1407 et
1146 1383 1208 1415 per
1224 1374 1335 1415 ipsius
1350 1383 1441 1406 mon.
1459 1374 1554 1405 soliti
1577 1373 1657 1414 gub.
1683 1390 1722 1396 -
1739 1374 1765 1405 I.
1786 1382 1816 1405 e.
1835 1382 1881 1404 m.
1906 1373 2020 1405 abbati
2035 1374 2182 1405 monast.
2200 1373 2240 1404 de

632 1430 717 1470 Doa,
736 1429 892 1462 Anicien.
907 1429 966 1465 di.,
983 1430 1016 1460 et
1033 1429 1174 1465 decano,
1192 1437 1230 1460 ac
1241 1428 1413 1459 Bernardo
1423 1428 1591 1469 Roquete.
1609 1436 1682 1458 can.
1699 1428 1780 1459 eccl.
1793 1427 1947 1458 Anicien.
1962 1427 2015 1468 (A.
2029 1429 2079 1464 30,
2095 1426 2118 1458 f.
2134 1428 2194 1458 684
2208 1426 2238 1463 Ι>;

638 1483 672 1515 V.
688 1485 740 1522 87,
757 1491 810 1523 ep.
828 1484 935 1522 2581.)

678 1535 816 1567 42011.
834 1555 873 1560 -
889 1537 1007 1569 Joanm·
1023 1536 1144 1567 Enneti
1168 1535 1206 1567 de
1226 1535 1328 1567 Ursua
1343 1536 1479 1568 collatio
1496 1544 1615 1567 canon.
1633 1535 1697 1566 sub
1714 1544 1810 1575 exsp.
1830 1535 1934 1575 praeb.
1954 1535 2034 1566 eccl.
2054 1534 2238 1570 Tutellan.,

632 1591 832 1623 TIrasonen.
850 1591 918 1628 di.;
937 1591 1092 1622 cassatur
1116 1590 1183 1621 alia
1207 1590 1334 1621 similis
1357 1589 1467 1629 gratia
1488 1589 1556 1629 ipsi
1579 1588 1667 1620 facta
1693 1588 1822 1620 consid.
1842 1598 1875 1619 n.
1893 1597 1925 1619 v.
1950 1588 2093 1620 ,Ioannis
2110 1588 2181 1619 d.ni
2199 1588 2239 1619 de

632 1644 822 1685 Arrableyo
840 1644 926 1682 mil„
944 1653 987 1675 ex
1005 1653 1074 1684 qua
1095 1643 1228 1675 nullum
1250 1643 1360 1683 potuit
1382 1643 1598 1674 commodum
1620 1644 1804 1682 reportare,
1821 1650 1860 1673 eo
1877 1642 1967 1682 quod
1982 1642 2019 1673 in
2034 1650 2073 1673 ea
2087 1642 2128 1673 de
2144 1650 2238 1682 perp.

633 1699 788 1738 portione
805 1706 833 1729 s,
850 1707 890 1733 0.,
907 1706 1010 1737 quam
1027 1698 1062 1728 in
1075 1697 1156 1728 eccl.
1173 1696 1358 1736 parochiali
1371 1696 1411 1727 de
1428 1696 1602 1736 Cirauqui.
1618 1695 1853 1735 Pampilonen.
1871 1695 1932 1733 di.,
1949 1695 2135 1733 obtinebat,
2153 1695 2241 1726 sicut

634 1752 667 1783 et
685 1751 793 1782 adhuc
806 1750 948 1787 obtinet,
964 1750 1058 1781 nulla
1076 1750 1164 1781 facta
1182 1750 1247 1781 fuit
1261 1749 1400 1781 mentio.
1419 1767 1456 1772 -
1473 1749 1499 1780 1.
1517 1758 1545 1781 e.
1566 1758 1612 1780 m.
1629 1748 1735 1789 priori
1748 1748 1861 1780 saecul.
1874 1757 1901 1780 s.
1916 1749 2036 1780 Ursini
2050 1749 2240 1780 Bituricen-

634 1804 696 1840 sis,
712 1805 745 1836 et
762 1803 919 1835 Michaeli
936 1803 1023 1843 Lupi
1039 1803 1080 1834 de
1094 1802 1335 1837 Ronzavalles,
1350 1811 1388 1833 ac
1405 1801 1530 1834 Jacobo
1543 1802 1678 1838 Ricolfi,
1696 1801 1868 1833 canonicis
1886 1801 1967 1833 eccl.
1985 1801 2237 1833 Tirasonensis.

635 1858 688 1896 (A.
701 1859 753 1895 31,
765 1857 788 1888 f.
799 1859 840 1889 40
851 1862 880 1893 ⁸;
906 1856 941 1888 V.
960 1857 1012 1894 87,
1029 1865 1080 1896 ep.
1097 1857 1203 1893 2653.)

679 1908 819 1941 42012.
842 1927 881 1934 -
902 1910 1022 1940 Decano
1037 1913 1066 1940 et
1074 1909 1198 1940 cantori
1207 1909 1348 1950 majoris,
1358 1918 1393 1939 ac
1409 1909 1543 1939 thesaur.
1562 1908 1595 1939 S.
1610 1909 1652 1939 M.
1664 1909 1706 1939 ad
1718 1908 1840 1940 Gradus
1849 1907 2106 1949 Maquntin.eccl.
2125 1907 2238 1939 mand.

635 1966 673 1996 ut
690 1964 888 1996 confirment
903 1963 1119 1995 collationem
1136 1971 1255 1994 canon.
1285 1963 1317 1993 et
1337 1961 1441 2003 praeb.
1458 1962 1537 1993 eccl.
1556 1970 1584 1992 s.
1603 1962 1735 1994 Florini
1759 1963 1794 1993 in
1819 1961 2042 1999 confluentia,
2058 1962 2238 1993 Treveren.

635 2018 696 2054 di.,
713 2019 791 2058 post
809 2017 938 2048 obitum
953 2016 1151 2048 Theoderici
1167 2016 1209 2047 de
1227 2016 1331 2047 Dieze
1347 2016 1433 2047 auct.
1450 2016 1558 2055 apost.
1579 2015 1703 2047 factam
1720 2015 1835 2047 favore
1855 2015 1993 2047 Henrici
2009 2015 2162 2051 Joannis,
2181 2014 2240 2054 qui

636 2080 712 2103 cum
726 2071 896 2111 quondam
912 2070 1072 2108 Henrico,
1092 2069 1180 2101 dicto
1194 2069 1234 2100 de
1250 2069 1469 2104 Bracharaco,
1483 2069 1568 2100 alias
1582 2069 1623 2100 de
1638 2069 1891 2109 Asperscheim‚
1908 2070 1940 2100 et
1955 2069 2126 2109 quondam
2141 2069 2242 2099 Hert-

634 2125 721 2157 wico
736 2125 777 2156 de
794 2124 906 2162 Mude‚
924 2123 1070 2161 clericis,
1088 2122 1322 2154 asserentibus
1345 2131 1382 2154 se
1413 2122 1510 2155 dictae
1538 2122 1690 2154 ecclesiae
1708 2123 1899 2160 canonicos,
1916 2123 1949 2154 et
1966 2122 2008 2153 ad
2032 2130 2068 2153 se
2086 2122 2240 2153 eamdem

635 2178 850 2219 praebendam
867 2178 1029 2217 spectare,
1042 2177 1078 2208 in
1095 2185 1235 2208 romana
1251 2177 1345 2207 curia
1359 2176 1488 2207 diutIus
1503 2176 1659 2216 litigavit,
1672 2177 1706 2207 et
1723 2176 1871 2214 demum,
1885 2175 1961 2207 istis
1969 2175 2149 2212 defunctis,
2164 2184 2240 2206 cum

635 2231 824 2272 praebendae
838 2230 1036 2271 huJusmodi
1049 2232 1306 2271 possessionem
1324 2218 1503 2260 assecutus
1518 2230 1622 2265 esset,
1637 2238 1714 2260 cum
1732 2229 1858 2261 decano
1877 2230 1909 2260 et
1927 2229 2075 2269 capitulo
2090 2228 2149 2268 qui
2164 2228 2242 2260 huic

637 2285 845 2317 assecutioni
868 2293 904 2316 se
925 2284 1157 2324 opposuerunt
1173 2284 1207 2314 et
1223 2292 1299 2314 cum
1323 2283 1453 2314 Joanne
1474 2283 1514 2315 de
1531 2282 1690 2320 Munrial,
1716 2282 1796 2314 cler.
1818 2283 2000 2314 Treveren.
2023 2282 2082 2319 di.,
2099 2282 2154 2313 cui
2174 2282 2243 2322 ipsi

636 2339 786 2371 decanus
802 2340 835 2371 et
850 2338 950 2378 capit.
968 2337 1094 2369 dictam
1109 2336 1212 2377 praeb.
1228 2336 1451 2374 contulerant,
1467 2336 1556 2376 apud
1571 2335 1604 2367 S.
1621 2336 1661 2367 A.
1677 2336 1771 2367 litem
1789 2336 1893 2368 etiam
1908 2335 2038 2373 habuit,
2051 2337 2083 2367 et
2095 2336 2165 2367 tres
2181 2335 2243 2366 dif-

637 2392 788 2424 finitivas
804 2392 992 2423 sententias
1013 2391 1140 2423 retulit.
1165 2390 1219 2430 (A.
1244 2392 1294 2428 31,
1316 2390 1338 2422 f.
1356 2391 1417 2422 230
1429 2395 1458 2427 ⁸3
1483 2389 1518 2421 V.
1546 2390 1597 2428 88,
1620 2398 1672 2430 ep.
1693 2391 1789 2428 304ος
1808 2389 1995 2421 Sauerland
2013 2388 2244 2428 (Rheinlande)‚

636 2447 662 2478 t.
677 2446 721 2482 11,
741 2454 774 2485 p.
795 2447 864 2483 176,
883 2453 915 2476 0.
936 2444 1044 2485 1534.)

683 2496 822 2529 42013.
846 2517 885 2522 —
910 2497 1074 2538 Rodulplzo
1100 2497 1139 2543 gie
1155 2497 1304 2528 *Mamilio
1329 2497 1438 2538 gratia
1460 2505 1556 2537 exsp.
1582 2497 1688 2537 dign.,
1715 2497 1930 2537 personatus,
1958 2496 2012 2528 off.
2036 2497 2094 2527 aut
2118 2496 2242 2533 benef.,

638 2552 777 2585 etiamsi
793 2552 899 2584 curtis
914 2551 968 2584 vel
985 2551 1178 2583 obedientia
1194 2552 1418 2591 nuncupetur,
1435 2550 1558 2591 pertin.
1579 2551 1620 2581 ad
1636 2550 1750 2581 collat.
1769 2559 1873 2590 praep.
1893 2551 1926 2581 et
1941 2549 2042 2590 capit.
2059 2549 2139 2581 0001.
2159 2549 2246 2580 Bun-

638 2606 769 2642 nensis,
785 2606 960 2637 Colonien.
980 2605 1026 2636 di.
1041 2613 1050 2642 3
1067 2613 1134 2636 non
1150 2604 1238 2636 obst.
1256 2605 1291 2635 in
1309 2604 1382 2635 ead.
1400 2612 1517 2635 canon.
1538 2603 1600 2635 sub
1619 2610 1714 2643 exsp.
1741 2603 1859 2643 praeb..
1883 2604 1915 2634 et
1936 2603 1970 2634 in
1986 2611 2013 2634 s.
2033 2602 2170 2642 Georgii
2187 2602 2245 2633 Co-

638 2660 763 2692 lonien.
781 2659 861 2690 eccl.
874 2667 992 2690 canon.
1006 2660 1039 2690 et
1054 2657 1159 2698 praeb.
1170 2658 1248 2689 -Ι,
1264 2666 1292 2689 e.
1310 2666 1355 2690 1n.
1373 2657 1488 2689 abbati
1503 2657 1648 2688 monast.
1667 2665 1695 2688 s,
1713 2656 1864 2694 Martini,
1881 2657 1914 2687 et
1925 2656 2050 2687 decano
2062 2664 2089 2686 s.
2102 2656 2245 2687 Andreae

639 2713 829 2751 Colonien.,
846 2721 884 2744 ac
899 2712 1026 2744 Busolo
1041 2712 1081 2743 de
1094 2712 1229 2749 Parma,
1245 2716 1319 2743 can.
1338 2711 1524 2743 Tornacen.
1541 2710 1634 2747 0001.,
1650 2710 1751 2750 Papae
1762 2718 1834 2749 cap.
1853 2709 1906 2749 (A.
1921 2710 1973 2744 31,
1987 2709 2010 2739 f.
2022 2709 2084 2740 265
2099 2713 2126 2745 ³5
2146 2707 2178 2739 V.
2192 2709 2244 2745 88,

638 2776 691 2807 ep.
713 2768 819 2806 3116.)

686 2817 824 2850 42014.
841 2837 879 2842 -
894 2820 977 2860 May.
998 2818 1162 2851 Guillelmo
1174 2818 1339 2855 Mautaint,
1356 2817 1427 2848 cler.
1448 2817 1660 2848 Constantien.
1673 2816 1731 2852 di.,
1748 2816 1856 2855 grafia
1871 2823 1966 2854 exsp.
1982 2814 2093 2845 benef.
2112 2815 2151 2851 (0.
2167 2823 2194 2845 0.
2207 2815 2246 2845 70

640 2874 694 2905 νο1
711 2883 739 2905 s.
757 2883 783 2905 0.
799 2876 839 2905 40
865 2873 887 2904 l.
911 2875 961 2912 t.),
981 2872 1203 2903 saecularibus
1227 2872 1360 2903 clericis
1377 2870 1531 2902 consueti
1549 2869 1729 2909 assignari,
1759 2868 1801 2899 ad
1827 2868 1938 2899 collat.
1956 2867 2088 2898 abbatis
2103 2868 2135 2898 et
2149 2875 2245 2899 conv.

641 2929 788 2959 monast.
807 2927 841 2959 S.
860 2926 1041 2958 Trinitatis
1055 2926 1096 2957 de
1111 2925 1278 2966 Exaquio.
1295 2925 1333 2957 Ο.
1349 2925 1380 2955 S.
1397 2925 1448 2961 Β.,
1466 2922 1697 2955 constantien.
1714 2921 1759 2952 di.
1776 2939 1816 2944 -—
1831 2921 1857 2951 I.
1876 2929 1904 2951 e.
1923 2929 1968 2951 m.
1985 2920 2113 2952 cantori
2129 2921 2160 2951 et
2176 2920 2245 2952 the-

605 2990 607 2994 ’
643 2981 797 3011 saurario
823 2979 1070 3015 Constantien.‚
1096 2987 1133 3009 ac
1159 2978 1345 3009 Guillelmo
1373 2975 1565 3011 Bertranni,
1594 2984 1666 3006 can.
1696 2974 1864 3005 Parisien.
1883 2973 1962 3005 eccl.
1997 2973 2048 3012 (A.
2074 2974 2125 3010 31,
2141 2973 2164 3004 f.
2183 2975 2197 3004 1
2213 2973 2245 3010 ¹³3

650 3033 684 3066 V.
701 3034 752 3071 86,
771 3042 823 3074 ep.
844 3034 949 3072 1556.)

355 3087 501 3115 JOANMS
518 3087 603 3115 xxu.
626 3105 659 3110 -
679 3087 710 3114 T.
730 3087 791 3114 vn.
2073 3080 2109 3108 44
