2560 3476
572 337 746 369 JOANNIS
768 338 888 369 PAPAE
907 338 1011 387 XXIl.
1036 337 1281 378 (1316-1334).
1304 354 1343 360 -
1365 336 1552 367 LITTERAE
1574 335 1800 367 COMMUNES
2149 334 2211 365 217

210 430 315 458 Datum
332 424 519 459 Avenione.

610 537 690 559 num
713 528 874 562 Franciae,
891 528 1106 567 pertinentis,
1128 528 1163 559 in
1180 537 1247 567 qua
1264 528 1497 568 progenitores
1513 527 1567 558 sui
1588 526 1783 567 quindecim
1806 527 1986 565 perpetuas
2004 524 2212 564 capellanias

610 581 651 612 de
675 581 775 613 bonis
793 581 941 621 propriis
958 581 1184 612 fundaverunt
1205 582 1238 612 et
1261 582 1419 613 dotarunt
1434 581 1590 620 (quarum
1608 579 1727 620 capell.
1742 579 1800 619 ‚ius
1816 579 2015 619 patronatus
2036 579 2077 609 ad
2097 578 2212 609 eumd.

610 635 759 666 nobilem
776 636 809 666 et
825 635 961 666 collatio
985 635 1193 672 earumdem,
1216 635 1256 665 ad
1277 634 1576 674 praesentationem
1593 633 1705 673 ipsius
1726 632 1863 667 nobilis,
1889 632 1931 663 ad
1953 632 2081 662 dictum
2097 640 2213 670 epum

609 689 782 728 pertinet),
798 688 834 718 in
849 688 1060 728 collegiatam
1074 688 1193 728 erigat,
1209 689 1242 719 et
1264 688 1304 719 de
1321 687 1492 727 praedictis
1517 686 1712 727 quindecim
1730 685 1929 725 capellaniis
1955 685 2134 724 collegium
2157 684 2214 715 vel

610 742 795 781 capitulum
817 741 959 777 ordinet,
976 741 1006 772 si
1022 741 1175 780 ipsarum
1191 742 1375 781 suppetant
1390 740 1584 776 facultates;
1601 748 1642 771 ex
1658 739 1784 779 quibus
1797 738 1984 778 capellanis
2001 747 2061 769 seu
2080 738 2214 768 canoni-

611 795 660 826 cis
676 803 764 826 unus
787 803 847 834 per
862 794 1062 825 electionem
1078 794 1225 825 aliorum
1246 794 1450 834 praeficiatur
1468 793 1593 824 ibidem
1615 793 1651 824 in
1666 792 1872 832 capicerium
1889 791 1943 823 vel
1960 791 2135 828 decanum,
2154 790 2214 830 qui

611 848 780 887 duplicem
803 847 906 887 praeb.
932 849 964 879 et
982 847 1258 878 distributionem
1278 847 1312 878 in
1336 846 1583 877 anniversariis
1598 845 1760 882 obtineat,
1783 846 1815 876 et
1836 844 2079 876 correctionem
2094 843 2215 875 habeat

610 901 768 932 aliorum.
780 901 933 932 Instante
949 901 1068 932 eodem
1080 901 1100 931 J
1103 909 1211 932 oanne
1224 901 1397 931 asserente
1414 899 1502 939 quod
1516 899 1597 930 dicti
1610 899 1778 938 capellani
1796 898 1975 938 aliquoties
1986 906 2003 928 e
2015 897 2105 928 dicta
2120 896 2214 934 eccl„

611 946 683 986 sine
700 963 803 986 causa
826 954 1034 990 rationabili,
1058 962 1094 985 se
1113 953 1303 991 absentant,
1325 954 1358 984 et
1380 953 1466 983 alias
1490 953 1526 983 in
1550 952 1677 983 divinis
1700 951 1909 992 negligenter
1927 950 2089 986 existunt,
2109 950 2216 981 vitam

610 1008 713 1039 etiam
730 1008 816 1038 alias
831 1007 946 1038 minus
962 1007 1138 1038 honestam
1159 1007 1296 1037 ducunt.
1317 1006 1371 1046 (A.
1389 1007 1440 1043 30,
1457 1006 1479 1036 f.
1501 1007 1560 1037 286
1577 1011 1605 1041 ⁸;
1630 1004 1663 1036 V.
1681 1006 1732 1042 86,
1748 1013 1800 1044 ep.
1820 1005 1924 1042 1663.)

198 1065 285 1100 7(vu
301 1064 354 1100 id.)
368 1073 431 1100 apr.
449 1064 537 1092 1328.
655 1058 791 1090 40825.
813 1077 848 1082 -
873 1059 1051 1091 Bertrando
1074 1059 1212 1096 Corbati,
1232 1069 1313 1091 mon.
1334 1063 1466 1090 monast.
1484 1058 1644 1095 Sorisinii,
1666 1058 1700 1088 Ο.
1727 1057 1760 1089 S.
1786 1057 1839 1094 B„
1870 1057 2004 1088 Vauren.
2032 1057 2089 1093 di.,
2108 1056 2216 1097 gratia

221 1110 251 1137 T·
269 1110 305 1137 xl
324 1110 368 1143 ¹l2,
387 1109 449 1137 Xlll
470 1109 515 1145 ¹1²·
610 1123 706 1154 exsp.
723 1114 906 1153 prioratus,
922 1113 975 1145 vel
991 1114 1184 1144 administr.
1205 1122 1267 1144 seu
1287 1113 1341 1144 off.
1359 1113 1431 1151 (100
1451 1112 1509 1143 lib.
1530 1113 1596 1143 tur.
1615 1120 1682 1142 sec.
1697 1113 1764 1142 tax.
1789 1111 1888 1149 dec.)‚
1905 1111 2028 1150 pertin.
2046 1110 2088 1141 ad
2102 1110 2213 1141 collat.

610 1167 742 1198 abbatis
764 1169 796 1198 et
810 1175 910 1212 conv.
925 1167 1077 1206 ejusdem
1102 1166 1301 1198 monasterii
1318 1167 1350 1197 et
1372 1174 1433 1205 per
1454 1166 1563 1205 ipsius
1580 1173 1671 1196 mon.
1697 1164 1790 1196 soliti
1805 1164 1897 1204 gub„
1916 1172 1991 1194 cum
2009 1163 2215 1203 obligatione

610 1221 805 1252 dimittendi
821 1220 875 1252 off.
894 1220 1057 1260 operariae
1073 1220 1206 1260 praefati
1225 1219 1435 1251 monasterii.
1451 1237 1490 1241 —
1508 1219 1533 1250 Ι.
1552 1227 1580 1249 e.
1601 1227 1646 1250 m.
1666 1218 1872 1250 Athanacen.
1892 1217 2102 1257 Lugdunen.‚
2126 1218 2159 1247 et
2176 1216 2217 1247 de

610 1274 745 1312 Lesato,
769 1274 890 1306 Riven.
919 1274 980 1312 di.,
1007 1275 1151 1305 monast.
1177 1273 1369 1311 abbatibus,
1396 1281 1433 1304 ac
1456 1273 1557 1303 Petro
1581 1271 1731 1311 Rogerii,
1750 1279 1824 1302 can.
1850 1270 2068 1310 Mirapiscen.
2085 1269 2140 1309 (A.
2165 1271 2216 1307 30,

611 1328 634 1358 f.
652 1329 712 1359 299
730 1333 758 1364 ⁸;
778 1327 814 1359 V.
831 1328 882 1365 86,
900 1336 953 1367 ep.
971 1328 1077 1366 1698.)

333 1385 367 1412 Ut
381 1393 405 1412 s.
656 1378 794 1411 40826.
812 1399 852 1404 —
866 1380 1043 1411 Raimundo
1058 1381 1096 1412 de
1112 1380 1263 1416 Collibus,
1278 1390 1376 1421 praep.
1397 1379 1520 1421 Biyen„
1538 1383 1567 1410 et
1583 1378 1758 1410 Bertrando
1769 1378 1805 1409 de
1814 1378 1935 1416 Mansa,
1953 1377 2072 1408 archid.
2090 1376 2220 1408 Atreba-

293 1430 324 1457 T·
346 1429 441 1457 XXVI·
612 1439 686 1473 ten„
704 1445 738 1465 ac
756 1434 921 1466 Guillelmo
937 1434 974 1466 de
989 1434 1135 1472 Petrilia,
1153 1444 1220 1465 can.
1244 1434 1388 1465 Anicien.
1411 1433 1497 1470 eccl„
1514 1433 1628 1464 mand.
1648 1434 1685 1463 ut
1700 1433 1800 1464 Petro
1819 1432 1859 1463 de
1879 1431 2038 1468 Castanh,
2058 1431 2138 1462 cler.
2156 1431 2218 1462 Ca-

611 1491 754 1524 turcen.,
779 1488 952 1520 conferant
966 1488 1196 1528 parochialem
1211 1488 1292 1520 eccl.
1319 1497 1347 1518 s.
1368 1487 1555 1527 Pardulphi
1572 1486 1672 1522 Novi,
1693 1486 1908 1517 Lemovicen.
1930 1485 1988 1522 di.,
2007 1493 2066 1524 per
2082 1484 2217 1515 saecula-

611 1551 666 1573 res
682 1542 760 1573 cler.
784 1542 920 1574 solitam
944 1542 1036 1582 gub.,
1054 1551 1130 1581 quae
1152 1541 1277 1573 modici
1297 1541 1425 1572 valoris
1445 1541 1562 1572 existit
1578 1541 1611 1571 et
1628 1539 1668 1570 de
1681 1539 1757 1579 jure
1779 1540 1876 1570 vacat
1892 1538 1934 1569 ad
1953 1546 2114 1578 praesens,
2138 1537 2218 1568 licet

611 1596 712 1636 Hugo
735 1596 775 1627 de
798 1595 922 1635 Aprili,
938 1595 1066 1635 presb„
1092 1603 1184 1626 mon.
1200 1595 1344 1626 monast.
1362 1603 1390 1625 s.
1411 1593 1577 1631 Marcelli,
1596 1593 1736 1624 Cisterc.
1762 1592 1846 1629 ord„
1870 1592 2048 1623 Caturcen.
2065 1591 2123 1626 di.,
2140 1591 2219 1630 post

612 1649 860 1689 professionem
883 1649 994 1688 ipsius
1019 1649 1054 1679 in
1078 1649 1149 1680 ord.
1174 1648 1251 1688 ipso
1271 1648 1406 1685 factam,
1423 1647 1512 1678 dicto
1539 1647 1656 1678 ordine
1680 1647 1712 1677 et
1738 1645 1856 1676 habitu
1879 1646 2006 1676 temere
2033 1644 2216 1681 derelictis,

612 1703 766 1734 eamdem
786 1702 868 1733 eccl.
884 1702 925 1733 de
943 1702 1031 1733 facto
1055 1701 1204 1733 extiterit
1218 1702 1396 1732 assecutus
1419 1702 1452 1732 et
1476 1709 1518 1731 ex
1534 1702 1614 1731 tunc
1634 1699 1818 1730 detinuerit
1833 1699 1932 1738 atque
1948 1697 2054 1728 adhuc
2072 1697 2219 1728 detineat

613 1757 825 1795 occupatam,
850 1764 927 1786 curn
951 1755 1103 1794 dispens.
1130 1763 1233 1794 super
1258 1754 1389 1785 defectu
1408 1754 1518 1785 aetatis
1542 1754 1594 1794 (23
1621 1754 1689 1791 an.)
1709 1753 1763 1792 (A.
1784 1753 1835 1789 30,
1857 1751 1880 1781 f.
1907 1753 1965 1782 315
1983 1750 2012 1787 ὓς
2036 1750 2068 1781 V.
2088 1752 2138 1789 86,
2164 1759 2217 1790 ep.

614 1810 704 1840 1712.

333 1866 367 1893 Ut
387 1874 412 1894 s.
659 1809 795 1891 40227.
814 1879 851 1884 —-
879 1861 1041 1893 Guillelmo
1059 1860 1147 1891 Petri
1163 1861 1272 1901 gratia
1289 1869 1384 1900 exsp.
1407 1859 1519 1891 benef.
1543 1859 1582 1899 (c.
1607 1868 1635 1890 c.
1662 1861 1701 1890 50
1726 1858 1779 1889 vel
1802 1867 1830 1889 s.
1854 1867 1881 1888 c.
1903 1859 1942 1889 30
1964 1858 1985 1888 l.
2008 1858 2033 1888 t.
2057 1865 2123 1888 sec.
2148 1858 2217 1889 tax.

279 1910 310 1937 T.
326 1910 372 1942 xl,
389 1910 460 1937 xlll.
581 1946 584 1972 Ι
615 1916 712 1955 dec.)‚
737 1916 770 1946 in
788 1915 925 1946 civitate
948 1915 1001 1946 vel
1023 1915 1068 1946 di.
1087 1915 1232 1949 Uticen.,
1249 1914 1372 1953 pertin.
1397 1913 1439 1944 ad
1457 1913 1568 1944 collat.
1588 1912 1657 1952 ep.i
1675 1912 1826 1949 Uticen.;
1849 1920 1926 1942 cum
1950 1910 2154 1950 obligatione
2172 1910 2220 1941 di-

615 1969 772 2000 mittendi
791 1977 883 2008 perp.
902 1968 1064 1999 vicariam
1080 1969 1231 1999 curatam
1251 1967 1331 1998 eccl.
1349 1975 1376 1998 S.
1396 1966 1489 1998 Petri
1504 1966 1544 1997 de
1560 1966 1704 2004 Vannis,
1721 1965 1817 1996 dictae
1831 1965 1890 2000 di.,
1908 1965 2089 2003 postquam
2106 1963 2218 1996 benef.

615 2032 642 2054 c.
663 2032 691 2053 c.
710 2023 810 2053 fuerit
826 2023 1014 2052 assecutus.
1032 2039 1070 2043 —
1089 2022 1115 2052 I.
1140 2029 1169 2052 e.
1194 2029 1238 2051 m.
1257 2020 1363 2060 priori
1379 2020 1419 2051 de
1436 2029 1462 2050 s.
1481 2019 1640 2056 Nazario,
1659 2019 1871 2058 Magalonen.
1888 2018 1947 2055 di.,
1966 2019 1998 2049 et
2013 2026 2115 2057 praep.
2133 2017 2220 2048 Ave-

615 2076 764 2113 nionen.‚
784 2085 821 2106 ac
839 2075 965 2106 archid.
982 2076 1022 2105 de
1038 2074 1232 2114 Margaritis
1250 2074 1456 2105 Nemausen.
1474 2073 1555 2104 eccl.
1576 2073 1627 2111 (A.
1645 2073 1696 2109 30,
1714 2072 1737 2102 s.
1755 2073 1814 2102 317
1833 2077 1861 2108 ²3
1882 2071 1917 2102 V.
1935 2072 1986 2108 86,
2002 2080 2053 2110 ep.
2073 2071 2178 2108 1721.)

332 2132 367 2159 Ut
386 2140 410 2159 s.
660 2126 797 2159 40828.
817 2146 854 2151 —-
871 2129 965 2159 Petro
985 2128 1129 2165 Andreae,
1150 2127 1253 2158 licent.
1278 2127 1311 2157 in
1329 2126 1469 2163 decretis,
1496 2136 1576 2157 mon.
1598 2131 1730 2156 monast.
1749 2135 1773 2155 s.
1803 2125 1938 2156 Victoris
1961 2123 2117 2155 Massilien
2133 2123 2166 2154 0.
2185 2122 2220 2154 S.

213 2177 246 2205 T·
264 2177 299 2204 X¹
314 2177 360 2213 ¹l2›
374 2176 434 2204 xm
455 2177 526 2211 (sic).
615 2184 668 2221 B„
687 2183 795 2223 gratia
811 2191 907 2222 exsp.
931 2182 1100 2222 prioratus
1119 2190 1146 2212 s.
1163 2190 1204 2216 c.,
1223 2190 1283 2220 per
1303 2189 1393 2211 mon.
1418 2180 1571 2220 ejusdem
1590 2181 1736 2210 monast.
1763 2178 1855 2209 soliti
1878 2178 1971 2218 gub„
1990 2179 2022 2208 et
2044 2177 2086 2208 ad
2110 2177 2221 2216 ipsius

616 2237 747 2268 abbatis
765 2236 980 2267 collationem
997 2235 1141 2274 pertin.;
1159 2243 1234 2265 cum
1253 2234 1460 2273 obligatione
1474 2233 1668 2264 dimittendi
1686 2233 1871 2272 prioratum
1888 2231 1928 2262 de
1943 2231 2124 2267 Saumana,
2141 2230 2222 2261 dicti

616 2291 701 2326 ord.,
722 2291 927 2322 Nemausen.
951 2289 1011 2326 di.,
1029 2289 1116 2319 dicto
1134 2289 1280 2319 monast.
1297 2287 1493 2318 immediate
1510 2286 1698 2326 subjectum
1715 2287 1747 2317 et
1762 2294 1820 2324 per
1841 2285 1953 2324 ipsius
1970 2293 2061 2315 mon.
2081 2284 2222 2314 solitum

616 2344 694 2384 gub.
712 2361 750 2366 —
767 2344 792 2375 I.
811 2353 839 2374 e.
862 2352 907 2374 m.
937 2342 1051 2374 abbati
1066 2343 1213 2373 monast.
1236 2349 1262 2372 s,
1282 2340 1469 2372 Salvatoris
1492 2340 1678 2376 Lodoven„
1702 2340 1734 2370 et
1751 2347 1853 2378 praep.
1873 2338 2099 2373 Avenionen„
2117 2346 2154 2368 ac
2171 2346 2224 2367 ar—

617 2398 704 2429 chid.
721 2397 910 2428 Massilien.
930 2396 1011 2427 eccl.
1028 2395 1081 2435 (A.
1099 2397 1148 2431 31,
1167 2394 1188 2425 f.
1206 2395 1264 2424 413
1282 2393 1311 2430 ¹³3
1333 2393 1368 2425 V.
1386 2395 1438 2430 88,
1455 2402 1507 2433 ep.
1527 2393 1635 2431 3486.)

337 2452 372 2480 Ut
393 2461 416 2480 s.
663 2447 801 2480 40829.
820 2468 856 2472 -
874 2449 1034 2486 Parmen„
1053 2449 1158 2479 Asten.
1175 2457 1210 2478 ac
1226 2447 1398 2478 Bononien.
1420 2446 1568 2477 cremetis
1589 2445 1661 2476 eccl.
1678 2445 1791 2476 mand.
1807 2446 1843 2475 ut
1859 2445 1960 2475 Petro
1975 2444 2099 2475 Blanco
2115 2443 2225 2474 confe-

300 2497 331 2524 Τ·
352 2497 446 2524 ΧΧΝ·
619 2506 695 2536 rant
710 2504 751 2534 de
768 2512 855 2535 novo
869 2502 1237 2542 archipresbyteratum
1253 2501 1439 2540 collegiatae
1458 2500 1609 2531 ecclesiae
1622 2499 1655 2530 S.
1672 2499 1716 2529 M.
1735 2499 1774 2529 de
1790 2498 1914 2535 Grana,
1932 2498 2049 2528 Asten.
2072 2497 2130 2533 di.,
2150 2504 2221 2526 vac.

618 2567 678 2598 per
694 2557 824 2589 obitum
842 2556 959 2588 Jacobi
978 2557 1019 2587 de
1043 2556 1293 2595 Montemagno,
1313 2563 1390 2585 nam
1411 2553 1547 2584 collatio
1565 2553 1631 2592 ipsi
1655 2552 1743 2582 facta
1762 2551 1802 2581 de
1819 2551 1938 2582 eodem
1959 2549 2225 2588 archipresbyte-

619 2613 695 2642 ratu
719 2620 738 2642 a
753 2610 955 2647 Bertrando,
973 2618 1048 2649 ep.o
1064 2609 1209 2646 Ostien.,
1227 2609 1307 2639 tunc
1323 2616 1350 2638 s.
1368 2606 1521 2638 Marcelli
1543 2605 1656 2645 presb.
1677 2605 1780 2640 card„
1794 2604 1891 2643 juxta
1907 2603 2102 2634 facultatem
2117 2602 2147 2632 ei
2163 2609 2224 2640 per

619 2665 686 2696 ΡΡ.
705 2672 900 2695 concessam
923 2663 1119 2694 conferendi
1139 2670 1257 2694 omnes
1280 2660 1442 2692 ecclesias
1457 2659 1637 2690 saeculares
1654 2659 1686 2689 et
1701 2657 1885 2697 regulares,
1906 2665 1979 2695 quae
1995 2657 2108 2686 tamen
2124 2654 2224 2685 abba-

621 2718 720 2749 tiales
744 2726 811 2748 non
835 2717 1030 2752 existerent,
1050 2716 1084 2747 in
1109 2715 1335 2747 Mediolanen.
1362 2713 1536 2753 provincia
1554 2712 1792 2746 consistentes,
1816 2709 1966 2740 invalida
1987 2709 2164 2747 reputatur
2186 2715 2225 2737 eo

620 2771 709 2811 quod
723 2771 815 2802 idem
830 2771 954 2802 Petrus
971 2770 1006 2800 in
1020 2771 1140 2800 Asten.
1156 2776 1274 2799 canon.
1292 2769 1324 2798 et
1338 2766 1456 2806 praeb.,
1471 2765 1559 2796 acin
1571 2765 1604 2796 S.
1624 2765 1667 2795 M.
1681 2764 1721 2794 de
1738 2763 1931 2797 Martoreto,
1946 2770 1974 2792 s,
1993 2760 2143 2797 Petri‚·b.
2160 2759 2222 2791 Ge-

621 2825 710 2855 nesii
733 2833 771 2855 ac
793 2833 821 2855 s.
842 2823 985 2863 Syrenei
1000 2821 1152 2858 Bistonii,
1169 2821 1320 2852 civitatis
1337 2822 1370 2851 et
1386 2819 1432 2850 di.
1450 2819 1699 2850 Claromonten.
1720 2815 1885 2850 ecclesiis,
1904 2814 2081 2844 clericatus
2097 2813 2227 2843 obtine-

621 2877 678 2909 bat
694 2877 818 2908 modici
835 2876 972 2913 valoris,
991 2876 1079 2906 sicut
1095 2875 1202 2906 adhuc
1219 2874 1359 2909 obtinet,
1376 2874 1409 2903 et
1431 2872 1466 2902 in
1481 2871 1605 2902 litteris
1623 2870 1711 2900 dicto
1727 2868 1816 2899 card.
1836 2867 2006 2898 concessis
2023 2874 2222 2904 expressum

623 2939 689 2961 non
713 2930 823 2960 fuerat
845 2929 934 2969 quod
953 2929 1064 2959 dictus
1089 2928 1178 2959 card.
1207 2925 1403 2958 conferendi
1420 2925 1528 2955 dictas
1549 2922 1710 2954 ecclesias
1734 2920 1888 2960 personis
1911 2919 1996 2950 alias
2017 2918 2227 2950 beneficiatis

577 2998 578 3001 ¹
623 2983 825 3023 potestatem
842 2982 992 3013 haberet.
1011 2981 1064 3020 (A.
1082 2982 1132 3018 31,
1152 2980 1174 3011 f.
1191 2981 1249 3010 431
1267 2979 1298 3015 b,
1323 2978 1358 3009 V.
1375 2979 1427 3015 88,
1445 2985 1496 3016 ep.
1516 2975 1625 3015 3548.)

335 3089 481 3117 JOANNIS
501 3089 583 3117 xxu.
605 3104 638 3110 -
657 3087 688 3116 T.
710 3087 768 3115 vll.
2047 3075 2083 3103 28
