2560 3476
230 377 335 405 Datum
357 371 547 406 Avenione.

277 587 315 615 21
331 586 390 622 jul.
410 586 498 615 4328.

275 632 332 668 (xu
346 632 406 659 kal.
421 631 502 667 aug.)

295 677 325 704 T.
343 676 389 708 XI,
404 675 477 705 xm.

351 745 387 773 Ut
405 753 430 772 s.

333 789 366 819 T.
385 789 441 817 XX.

346 1065 383 1093 Ut
399 1074 423 1093 5.

298 1110 329 1138 T.
343 1110 389 1143 XI,
409 1109 479 1137 XIII.

349 1226 386 1254 Ut
401 1235 425 1253 s.

321 1271 354 1299 T.
375 1271 447 1298 XVI.

341 1547 379 1575 Ut
403 1555 430 1576 ε.

326 1593 356 1619 Τ.
378 1592 460 1619 ΧΧΧ.

349 1976 386 2004 Ut
401 1984 425 2004 s,

322 2020 353 2047 T.
367 2020 448 2048 XXX.

352 2446 387 2486 Ut
402 2467 426 2486 s.

327 2503 359 2531 Τ.
379 2503 450 2531 XVI.

279 2777 320 2806 22
333 2777 393 2813 jul.
415 2777 504 2807 1328.

280 2822 325 2859 (11
344 2823 404 2850 kal.
426 2823 507 2859 aug.)

239 2866 272 2895 Τ.
290 2867 337 2895 XII
353 2868 402 2903 ¹l2‚
417 2867 479 2895 XIV
495 2868 544 2902 ¹l2·

593 284 767 317 JOANNIS
789 284 909 316 PAPAE
930 284 1034 316 XXII.
1056 283 1305 324 (1316-1334).
1328 301 1369 307 —
1390 283 1578 315 LITTERAE
1600 283 1826 316 COMMUNES
2174 290 2233 320 341

633 477 660 508 Ι.
677 485 706 509 0.
726 485 772 507 m.
797 476 911 508 abbati
937 477 1083 507 monast.
1102 475 1269 513 Tuicien.‚
1290 474 1466 507 Colonien.
1493 475 1552 512 di.,
1577 477 1609 507 et
1632 476 1756 507 decano
1782 485 1809 507 s.
1825 476 1963 517 Georgii
1991 477 2177 514 Colonien.,
2198 486 2236 510 ac

632 530 758 562 Busolo
775 530 816 562 de
832 530 968 569 Parma,
984 538 1058 561 can.
1078 529 1265 560 Tornacen.
1281 529 1374 564 eccl.,
1394 528 1495 568 Papae
1512 537 1583 568 cap.
1603 528 1655 567 (A.
1674 531 1725 566 31,
1740 529 1763 560 f.
1780 531 1840 561 235
1856 535 1885 566 8,
1913 530 1943 562 V.
1956 532 2007 567 88,
2025 539 2076 571 ep.
2089 532 2195 570 3186.)

677 581 816 613 41969.
834 600 873 605 —-
887 582 1046 619 Gobelino,
1059 586 1132 613 nato
1143 581 1370 613 60601ἰηίιίιέιί
1381 582 1558 619 Mar-cinari,
1576 591 1670 622 prov.
1684 591 1803 614 canon.
1820 582 1883 614 sub
1899 592 1995 623 exsp.
2011 583 2114 623 praeb.
2130 593 2156 616 s.
2168 586 2236 616 Ku-

632 637 758 668 niberti
772 637 947 668 Colonien.
968 636 1046 667 -L
1063 645 1091 667 e.
1114 644 1160 667 m.
1178 637 1214 667 ut
1229 645 1269 673 5.,
1288 644 1321 666 n.
1340 636 1454 667 41967.
1475 635 1529 675 (Α.
1545 637 1596 671 31,
1614 635 1636 667 f.
1653 637 1713 666 322
1729 641 1758 674 ³²;
1780 636 1815 668 V.
1837 637 1888 674 88,
1907 645 1960 676 ep.
1976 638 2082 676 3266.)

675 739 813 772 41970.
832 760 870 765 -
886 741 1055 783 Archiep.o
1073 741 1233 773 Colonien.
1251 741 1364 771 mand.
1381 742 1419 771 ut
1437 741 1644 772 monasterio
1662 750 1689 773 s.
1707 742 1926 774 Pantaleonis
1945 742 2133 781 Colonien.,
2151 743 2235 776 O.S.

631 796 683 833 B..
702 796 791 835 quod
807 804 849 826 ex
867 803 1067 835 guerrarum
1091 794 1286 825 incursibus
1301 794 1384 825 adeo
1405 794 1440 824 in
1458 794 1532 825 suis
1548 795 1599 825 est
1614 794 1714 826 bonis
1729 795 1933 835 dissipatum
1949 796 2040 836 quod
2056 797 2237 828 conventui

632 849 743 880 victus
762 849 860 879 valde
883 848 996 880 tenuis
1012 850 1045 879 et
1068 847 1169 879 exilis
1190 847 1366 883 remansit,
1383 847 1479 878 uniat
1501 847 1713 886 parochiales
1739 848 1902 880 ecclesias
1925 858 1951 880 s.
1969 849 2122 881 Mauritii
2142 850 2238 882 Colo-

632 902 738 940 nien.,
755 902 918 942 Sugchele
935 902 970 932 in
986 901 1147 940 Pinstorp
1165 902 1198 932 et
1214 901 1250 931 in
1271 900 1430 940 Langele,
1450 900 1626 931 Colonien.
1643 901 1702 936 di.,
1722 901 1763 932 ad
1781 901 1937 933 abbatem
1955 902 2065 942 ipsius
2087 905 2235 935 monast.

628 945 705 996 jure
729 955 929 995 patronatus
947 955 1149 995 spectantes,
1173 954 1318 993 supplic.
1335 953 1542 985 Theoderico
1558 953 1678 985 abbate
1693 955 1726 985 et
1743 963 1837 986 conv.
1854 954 2007 994 ejusdem
2022 957 2236 989 monasterii.

633 1009 684 1050 (A.
702 1010 753 1047 31,
771 1009 794 1040 f.
811 1010 871 1039 322
890 1008 920 1046 1³3
943 1007 977 1040 V.
991 1009 1042 1044 88,
1060 1016 1112 1047 ep.
1131 1008 1226 1044 32663
1243 1006 1432 1039 Sauerland
1450 1006 1683 1047 (Rheinlande),
1699 1008 1724 1038 t.
1742 1008 1786 1043 II,
1803 1017 1836 1047 p.
1853 1010 1922 1045 169,
1943 1017 1975 1040 n.
1994 1010 2100 1049 1515.)

676 1059 814 1092 41971.
832 1081 872 1085 -
892 1061 1049 1096 Emerico,
1068 1065 1142 1091 nato
1165 1060 1279 1101 quand.
1307 1059 1415 1090 Wirici
1428 1059 1465 1090 de
1487 1059 1659 1098 Pinslzeim,
1677 1069 1773 1100 prov.
1790 1069 1908 1092 canon.
1927 1061 1991 1092 sub
2015 1071 2111 1102 exsp.
2131 1063 2236 1102 praeb.

632 1115 713 1148 eccl.
737 1124 785 1147 ss.
802 1115 1047 1155 Apostolorum
1074 1113 1249 1145 Colonien.
1272 1131 1309 1136 —
1335 1113 1362 1144 Ι.
1389 1121 1417 1144 0.
1434 1121 1479 1144 m.
1499 1113 1537 1144 ut
1564 1122 1605 1150 5.,
1625 1122 1658 1144 n.
1678 1114 1790 1145 41967.
1808 1114 1860 1152 (Α.
1883 1115 1935 1152 31,
1959 1115 1981 1146 f.
2005 1116 2063 1146 323
2082 1115 2112 1152 ¹³,·
2132 1116 2168 1148 V.
2185 1118 2236 1152 88,

632 1178 684 1210 ep.
701 1169 809 1208 3267.)

677 1220 815 1254 41972.
833 1241 872 1246 -
887 1222 1003 1253 Abbati
1025 1225 1157 1252 monast.
1175 1220 1351 1262 Siberqen„
1373 1219 1407 1251 Ο.
1425 1219 1459 1251 S.
1482 1220 1535 1256 B.,
1560 1219 1721 1252 Colonien.
1738 1220 1797 1258 di.,
1816 1221 1930 1252 mand.
1949 1222 1985 1253 ut
2004 1222 2141 1260 Joanni,
2160 1232 2238 1263 ep.o

632 1277 802 1317 Scopien„
817 1276 978 1308 concedat
1001 1276 1132 1306 curtem
1155 1283 1183 1306 s.
1200 1274 1346 1314 cyriaci,
1365 1273 1463 1305 dictae
1481 1273 1539 1310 di.,
1556 1274 1589 1304 et
1614 1274 1703 1305 dicto
1723 1275 1872 1305 monast.
1893 1274 2088 1307 immediate
2112 1276 2239 1316 subjec-

631 1331 714 1366 tam,
737 1340 810 1371 quae
825 1329 909 1362 olim
926 1328 1095 1369 regularis
1109 1328 1282 1369 prioratus
1294 1326 1407 1358 extitit
1423 1328 1456 1358 et
1470 1326 1505 1357 in
1518 1335 1584 1366 qua
1598 1326 1713 1358 nullus
1728 1335 1820 1358 mon.
1836 1327 1915 1358 fecit
1930 1336 1949 1359 a
1964 1327 2076 1368 longis
2093 1330 2238 1361 retroac-

632 1384 676 1416 tis
689 1383 900 1424 temporibus
918 1382 1139 1414 residentiam
1153 1381 1379 1422 personalem,
1396 1380 1458 1411 sub
1470 1380 1530 1411 illa
1544 1389 1656 1411 annua
1671 1380 1834 1421 pensione
1847 1389 1913 1420 qua
1925 1389 2000 1412 eam
2018 1382 2138 1420 tenuit,
2157 1383 2238 1414 dum

632 1438 720 1469 vixit
742 1437 776 1469 b.
796 1446 843 1469 m.
861 1437 1023 1471 Joannes,
1043 1435 1272 1475 praedecessor
1289 1434 1372 1475 ejus.
1392 1434 1443 1474 (A.
1460 1435 1512 1471 31,
1530 1434 1552 1465 f.
1570 1435 1629 1466 320
1647 1439 1676 1471 ²3
1706 1434 1744 1466 V.
1769 1435 1821 1469 88,
1849 1442 1901 1474 ep.
1928 1436 2024 1471 3274,
2052 1436 2240 1467 Sauerland

634 1490 867 1531 (Bkeinlande),
886 1491 910 1522 t.
926 1490 971 1525 ΙΙ,
986 1498 1020 1530 p.
1038 1490 1109 1527 171,
1127 1497 1159 1520 n.
1182 1488 1288 1527 1517.)
1791 1514 1794 1517 .

677 1542 815 1574 41973.
831 1561 870 1566 -
895 1543 972 1575 Abb.
989 1546 1120 1574 monast.
1138 1553 1162 1573 3.
1186 1541 1312 1582 Georyii
1327 1541 1468 1581 majoris,
1485 1545 1513 1571 el
1533 1551 1557 1571 s.
1574 1540 1715 1571 Danielis
1731 1551 1766 1571 ac
1791 1551 1814 1571 s.
1837 1540 2002 1572 Clementis
2022 1542 2182 1582 prioribus
2204 1543 2241 1573 de

640 1599 784 1636 Venetiis‚
810 1597 979 1630 castellan.
998 1596 1056 1635 di.,
1074 1596 1190 1628 mand.
1212 1596 1250 1627 ut
1268 1594 1392 1627 Joanni
1418 1595 1459 1625 de
1475 1594 1643 1635 Humago‚
1661 1595 1701 1626 de
1726 1594 1894 1631 venetiis,
1913 1595 2028 1634 presb.
2054 1596 2238 1627 Castellan.

634 1653 693 1690 di.,
709 1652 885 1684 conferant
905 1650 1125 1692 plebanatum
1146 1648 1259 1690 plebis
1277 1658 1304 1680 s.
1323 1648 1395 1680 Viti
1415 1648 1524 1687 ejusd.
1539 1648 1606 1679 loci
1631 1648 1671 1679 de
1687 1648 1855 1685 venetiis,
1874 1657 1948 1688 quae
1963 1649 2141 1689 collegiata
2156 1653 2187 1681 et
2205 1650 2240 1681 in

633 1706 863 1746 patriarchatu
875 1704 1021 1737 Graden.
1035 1703 1165 1740 existit,
1183 1704 1234 1742 (10
1248 1702 1320 1733 flor.
1332 1701 1432 1740 auri),
1447 1710 1508 1740 per
1521 1701 1653 1732 obitum
1665 1701 1799 1733 Nicolai
1818 1701 1857 1732 de
1871 1702 2029 1742 Humago
2046 1703 2135 1742 apud
2151 1704 2186 1735 S.
2197 1704 2221 1734 A
2231 1727 2239 1733 .

633 1759 761 1800 praevia
775 1758 927 1799 generali
952 1756 1182 1788 reservatione
1206 1755 1359 1786 omnium
1380 1754 1636 1794 collegiatarum
1661 1754 1742 1785 eccl.
1761 1754 1796 1785 in
1810 1754 1900 1786 dicto
1917 1755 2146 1794 patriarchatu
2164 1754 2241 1787 con-⁷
2283 1794 2287 1798 ,

635 1812 832 1844 sistentium
845 1820 906 1851 per
918 1810 986 1842 ΡΡ.
1005 1810 1092 1841 facta
1106 1818 1196 1846 vac.;
1215 1809 1349 1839 cassata
1363 1807 1459 1847 prius
1478 1807 1640 1838 electione
1657 1807 1810 1847 ejusdem
1820 1808 1976 1845 Joannis,
1993 1809 2110 1839 contra
2125 1809 2238 1849 hujus-

634 1866 727 1897 modi
757 1874 886 1896 reserv.
914 1873 974 1904 per
998 1862 1181 1903 capitulum
1206 1861 1376 1893 celebrata
1401 1861 1433 1891 et
1457 1869 1518 1900 per
1546 1860 1613 1891 loci
1638 1860 1848 1891 ordinarium
1870 1860 2079 1892 confirmata.
2105 1861 2158 1902 (A.
2188 1863 2239 1898 31,

635 1919 660 1951 f.
675 1920 734 1951 378
751 1918 780 1955 ¹2;
802 1918 905 1954 V.ss,
924 1926 976 1957 ep.
996 1917 1103 1955 3392.)

680 1973 691 1985 ”
707 1969 844 2001 41974.
865 1989 902 1994 -
922 1970 1040 2002 Joanm'
1062 1969 1100 2001 de
1122 1969 1249 2007 Burma,
1274 1978 1343 1998 can.
1364 1971 1392 1998 et
1407 1967 1522 1998 decano
1548 1966 1620 1998 eccl.
1641 1966 1799 2004 Bunnen.‚
1824 1966 1997 2005 Colonien.,
2020 1968 2241 2000 confirmatur

634 2026 772 2058 collatio
787 2025 826 2056 ad
843 2025 946 2056 vitam
963 2024 1029 2064 ipsi
1053 2023 1142 2055 facta
1159 2023 1200 2053 de
1219 2021 1365 2062 quodam
1383 2020 1506 2057 officio,
1521 2020 1698 2051 celleraria
1713 2020 1898 2060 vulgariter
1917 2023 2120 2060 nuncupato,
2138 2021 2173 2052 in
2188 2030 2241 2053 ea-

635 2081 712 2112 dem
729 2078 885 2114 ecclesia,
896 2078 939 2109 ad
954 2077 1044 2118 quod
1058 2085 1118 2117 per
1133 2076 1243 2107 certos
1259 2075 1440 2106 canonicos
1454 2073 1562 2113 ejusd.
1577 2073 1656 2104 0001.
1673 2082 1762 2104 unus
1776 2082 1816 2105 ex
1831 2073 1943 2113 ipsius
1959 2074 2039 2106 eccl.
2054 2075 2238 2111 canonicis,

636 2134 736 2166 annis
753 2132 911 2172 singulis,
931 2131 1012 2171 eligi
1037 2130 1224 2164 consuevit,
1242 2129 1274 2160 et
1290 2128 1414 2159 exindo
1438 2136 1525 2158 anno
1544 2127 1678 2166 expleto
1703 2127 1882 2158 removeri.
1900 2127 2096 2167 Sequuntur
2119 2128 2242 2160 litterae

635 2186 789 2224 Henrici‚
808 2185 983 2218 Colonien.
1003 2183 1176 2223 archiep.i,
1193 2182 1281 2213 sacri
1305 2181 1446 2221 Imperii
1466 2189 1526 2220 per
1546 2180 1680 2211 Italiam
1697 2180 2001 2218 archicancellarii,
2018 2181 2142 2220 quibus
2159 2181 2242 2212 elec-

634 2240 764 2272 tionem
777 2240 972 2281 praedictam
985 2247 1046 2279 per
1061 2236 1227 2277 quosdam
1240 2234 1420 2266 canonicos
1434 2234 1587 2265 seniores
1601 2233 1698 2265 dictae
1715 2234 1795 2265 eccl.
1809 2233 1932 2265 factam
1947 2234 2170 2270 confirmavit,
2186 2235 2240 2266 da-

635 2295 709 2326 tum
725 2295 758 2326 et
774 2295 886 2326 actum
901 2294 1042 2328 Bunnae,
1061 2291 1096 2322 in
1113 2290 1213 2321 domo
1229 2288 1410 2328 capitulari
1435 2287 1514 2319 eccl.
1533 2287 1702 2324 Bunnen.,
1724 2287 1779 2318 die
1801 2286 1833 2318 b.
1851 2287 2002 2327 Remigii
2021 2287 2240 2324 confessoris,

636 2348 695 2388 qui
711 2349 763 2380 est
777 2347 909 2388 primus
921 2346 995 2377 dies
1009 2344 1139 2376 mensis
1153 2342 1312 2378 octobris,
1329 2350 1416 2373 anuo
1432 2341 1572 2372 Domini
1586 2340 1831 2372 MCCCXXVI.
1849 2340 1901 2381 (A.
1918 2342 1969 2376 31,
1987 2340 2009 2372 f.
2025 2342 2084 2372 420
2095 2346 2122 2378 ³;
2143 2341 2176 2371 V.
2190 2343 2241 2378 88,

636 2410 689 2442 ep.
709 2403 805 2438 349·st
823 2399 1011 2432 Sauerland
1027 2396 1255 2437 (Rheinlande),
1270 2397 1295 2427 t.
1314 2396 1358 2432 ΙΙ,
1376 2404 1410 2442 Ρ.
1428 2397 1499 2430 167,
1514 2404 1547 2425 n.
1566 2394 1671 2433 1514.)

682 2452 819 2485 41975.
835 2453 1006 2484 -Joanni
1021 2452 1058 2483 de
1077 2451 1189 2489 Clevis,
1207 2450 1323 2481 decano
1338 2448 1411 2480 eccl.
1432 2447 1606 2484 Colonien.,
1623 2447 1721 2488 Papae
1738 2457 1818 2488 cap„
1836 2456 1928 2479 conc.
1949 2448 1997 2485 ut,
2016 2448 2095 2479 licet
2112 2457 2154 2479 ex
2172 2448 2241 2480 dis-

636 2518 732 2550 pens.
759 2509 869 2549 apost.
888 2516 955 2539 non
978 2507 1131 2538 teneatur
1155 2513 1263 2544 usque
1290 2503 1332 2534 ad
1347 2503 1524 2534 biennium
1548 2502 1590 2532 ad
1615 2501 1813 2532 diaconatus
1830 2502 1861 2532 et
1876 2501 2135 2541 presbyteratus
2155 2502 2241 2539 ord.,

637 2563 768 2596 ratione
782 2562 967 2593 decanatus
982 2569 1010 2592 c.
1030 2568 1059 2591 c.
1076 2557 1251 2591 Colonien.
1270 2558 1302 2588 et
1319 2555 1506 2588 scolastrIae
1523 2564 1551 2586 5.
1569 2564 1597 2586 0.
1614 2554 1801 2595 Maguntin.
1822 2555 1917 2590 eccl.,
1934 2563 1970 2585 se
1985 2554 2095 2585 facere
2111 2563 2242 2593 promo-

637 2617 721 2654 veri,
736 2615 937 2648 tractatibus
954 2612 1168 2654 capitulariis
1181 2611 1217 2642 in
1231 2610 1386 2642 ecclesiis
1402 2609 1488 2649 ipsis
1503 2609 1670 2640 interesse
1683 2610 1716 2640 et
1729 2608 2004 2648 jurisdictionem
2018 2607 2145 2638 ratione
2162 2607 2243 2638 dicti

637 2670 821 2703 decanatus
837 2669 872 2700 in
893 2667 1040 2708 capitulo
1063 2666 1160 2697 dictae
1186 2664 1266 2696 0001.
1284 2663 1459 2696 Colonien.
1486 2670 1644 2694 exercere
1669 2661 1792 2693 valeat.
1816 2661 1869 2701 (A.
1894 2662 1945 2698 31,
1964 2660 1987 2691 f.
2006 2661 2067 2691 441
2083 2665 2112 2697 ¹³;
2139 2660 2172 2691 V.
2190 2661 2241 2696 88,

638 2734 690 2765 ep.
708 2725 788 2756 3575
795 2732 805 2760 ;
823 2721 1012 2756 Sauerland
1030 2717 1261 2760 (Rheinlande),
1276 2719 1300 2749 t.
1314 2718 1358 2755 ΙΙ,
1375 2726 1407 2757 p.
1427 2718 1497 2753 167,
1513 2724 1546 2747 n.
1564 2715 1667 2755 1513.)

682 2775 820 2807 41976.
839 2794 877 2799 -
896 2773 1046 2806 Ekliardo
1060 2773 1141 2804 dicto
1157 2772 1194 2803 de
1208 2771 1300 2802 Nicht
1316 2779 1414 2811 prov.
1427 2777 1546 2801 canon.
1569 2767 1632 2799 sub
1652 2775 1747 2806 exsp.
1764 2766 1868 2806 praeb.
1883 2766 1964 2797 eccl.
1981 2765 2241 2797 Novimonaste-

638 2831 683 2864 rii
700 2830 941 2870 Herbipolen.;
965 2836 1032 2859 non
1050 2826 1134 2858 obst.
1154 2825 1262 2866 gratia
1289 2832 1388 2863 exsp.
1403 2822 1514 2854 benef.
1536 2830 1563 2852 c.
1581 2830 1610 2852 0.
1627 2820 1681 2851 vel
1700 2829 1727 2851 s.
1744 2828 1786 2857 o.,
1804 2819 1845 2850 ad
1859 2818 1969 2850 collat.
1987 2818 2055 2857 ep.i
2078 2817 2242 2858 Herbipo-

639 2885 759 2922 lensis‚
771 2885 804 2915 et
819 2891 896 2914 cum
911 2881 1042 2913 decreto
1054 2881 1103 2917 ut,
1120 2879 1301 2919 postquam
1314 2875 1415 2916 praeb.
1431 2875 1466 2906 in
1483 2874 1573 2905 dicta
1589 2873 1670 2904 eccl.
1687 2872 1862 2903 assecutus
1880 2872 1912 2902 et
1928 2871 1969 2902 ad
1979 2869 2242 2902 subdiaconatus

641 2938 713 2970 ord.
731 2937 909 2977 promotus
929 2934 1042 2971 fuerit,
1060 2941 1178 2965 vocem
1199 2932 1234 2962 in
1249 2930 1398 2970 capitulo
1414 2928 1546 2964 habeat,
1567 2927 1693 2958 statuto
1718 2925 1827 2965 ipsius
1846 2925 1926 2956 0001.
1952 2933 2017 2964 quo
2035 2925 2147 2956 caveri
2163 2925 2243 2955 dici-

640 2993 695 3023 tur
713 2992 750 3022 ut
766 2989 882 3021 nullus
899 2987 1083 3020 canonicus
1104 2993 1220 3017 vocem
1239 2983 1373 3020 habeat,
1387 2982 1455 3013 nisi
1474 2981 1514 3012 de
1533 2979 1704 3012 communi
1722 2986 1891 3010 consensu
1913 2977 2065 3017 capituli,
2085 2986 2153 3009 non
2168 2977 2242 3009 obs-
