2560 3476
589 328 763 361 JOANNIS
785 328 904 359 PAPAE
926 328 1029 360 XXII.
1050 327 1300 368 (1316-1334).
1324 344 1364 350 —
1386 326 1573 357 LITTERAE
1595 326 1822 358 COMMUNES
2174 328 2235 359 269

230 424 334 451 Datum
353 416 536 451 Avenione.

627 530 730 562 super
753 522 882 553 eisdem
907 520 1040 552 clericis
1064 520 1122 560 qui
1147 529 1167 551 a
1188 521 1342 559 tempore
1363 518 1476 550 obitus
1500 519 1541 550 cl.
1566 527 1611 550 m.
1632 518 1757 552 Caroli,
1780 519 1822 549 R.
1840 519 1878 549 F.
1897 519 1930 549 et
1943 519 2000 554 Ν.,
2017 518 2124 558 ejusd.
2142 518 2235 558 regis

627 576 774 615 proximi
789 574 1060 615 praedecessoris,
1080 574 1115 604 in
1134 573 1302 604 dictorum
1323 581 1504 612 regnorum
1516 572 1663 612 negotiis
1675 572 1844 603 institisse
1866 573 2065 609 noscuntur,
2082 573 2120 603 ut
2146 571 2234 603 fruc-

626 630 683 660 tus
698 629 893 660 eorumdem
913 627 1038 662 benef„
1055 621 1154 667 juxta
1180 627 1303 657 indulti
1322 625 1501 665 praesentis
1517 627 1683 660 tenorem,
1705 626 1879 665 percipere
1895 624 2039 656 debeant
2053 626 2084 656 et
2098 624 2235 662 habere,

627 683 668 713 ad
693 682 803 713 instar
822 681 976 721 Gregorii
1001 681 1100 721 Papae
1126 681 1159 711 X
1185 680 1244 720 qui
1270 680 1360 710 idem
1377 680 1546 710 concessit
1572 679 1706 710 clericis
1734 679 1775 710 cl.
1806 687 1852 709 m.
1881 678 2034 718 Philippi
2050 679 2091 710 R.
2109 679 2147 709 F.
2173 687 2236 717 pro

627 737 779 775 tempore
795 744 862 775 quo
879 736 953 775 ejus
972 734 1147 774 obsequiis
1162 735 1238 773 post
1253 733 1384 764 obitum
1400 732 1526 764 inclitae
1542 732 1788 764 recordationis
1803 732 1969 763 Ludovici
1985 731 2028 763 R.
2047 732 2099 768 F„
2117 732 2235 771 proavi

628 790 717 829 regis
734 789 855 829 ipsius,
868 788 1064 820 extiterunt.
1084 805 1120 810 —
1136 787 1163 818 Ι.
1179 795 1209 818 e.
1226 795 1272 817 m.
1288 786 1489 822 Parisiensi,
1504 786 1682 817 Belvacen.
1701 794 1737 816 ac
1750 785 1978 817 Silvanecten.
1997 785 2094 825 ep.is.
2114 785 2165 823 (A.
2182 786 2235 820 30,

628 843 651 874 f.
669 844 730 875 442
747 848 783 879 ³;
809 842 843 874 V.
859 844 911 879 86,
926 850 978 880 ep.
998 841 1104 880 1977.)

267 898 308 926 25
325 898 393 925 maii
409 896 496 924 1328.
672 893 810 926 41315.
823 913 863 918 --
881 892 994 925 Eidem
1010 895 1078 934 reyi
1093 893 1288 933 indulgetur
1305 894 1341 924 ut
1363 893 1539 924 confessor
1559 901 1596 923 ac
1612 893 1686 932 ejus
1706 892 1832 929 socius,
1851 892 1924 923 suis
1943 891 2118 932 obsequiis
2136 891 2236 923 insis-

263 943 332 1014 (Ὴξιξ
352 941 500 1014 ξῗέἠῖέωῆ
626 948 739 985 tendo,
756 949 882 990 quibus
896 949 988 980 esset
1003 956 1084 979 esus
1098 946 1251 978 carnium
1265 946 1452 977 secundum
1468 947 1595 977 statuta
1611 946 1664 976 sui
1683 945 1814 977 ordinis
1828 945 2038 982 interdictus,
2054 945 2146 976 licite
2159 954 2233 985 pos·

627 1003 696 1034 sint
711 1003 745 1034 in
759 1003 869 1043 ipsius
884 1002 1045 1033 comitiva
1060 1001 1152 1032 vesci
1166 999 1326 1031 carnibus
1341 999 1411 1030 illis
1429 999 1550 1030 diebus
1564 999 1688 1038 quibus
1711 1008 1729 1030 a
1750 999 1858 1030 sacris
1874 998 2062 1029 canonibus
2078 1007 2158 1030 esus
2176 998 2235 1029 hu-

623 1057 773 1096 J'usmodi
791 1055 932 1086 minime
950 1054 1158 1094 prohibetur,
1177 1062 1214 1084 ac
1234 1053 1323 1084 idem
1342 1053 1517 1084 confessor
1535 1052 1699 1083 fratribus
1717 1054 1748 1084 et
1765 1051 1950 1092 religiosis,
1964 1052 2005 1082 ad
2019 1052 2131 1091 ipsius
2146 1051 2236 1091 regis

625 1110 811 1149 hospitium
838 1106 1173 1149 supervenientibus,
1192 1106 1317 1146 quibus
1341 1106 1502 1138 similiter
1522 1107 1573 1137 est
1599 1114 1680 1137 esus
1705 1105 1902 1145 hujusmodi
1925 1105 2140 1142 interdictus,
2163 1113 2236 1136 ves-

626 1163 723 1194 cendi
742 1162 903 1194 carnibus
927 1162 962 1192 in
989 1162 1078 1193 dicto
1098 1160 1259 1200 hospitio,
1279 1160 1400 1191 diebus
1428 1159 1600 1200 praedictis
1618 1160 1808 1196 dumtaxat,
1827 1167 1864 1190 ac
1881 1158 2043 1198 loquendi
2063 1158 2098 1189 in
2120 1167 2238 1190 mensa

625 1217 794 1248 licentiam
809 1216 921 1247 valeat
933 1206 1081 1255 elargiri.
1099 1214 1152 1255 (A.
1170 1215 1222 1251 30,
1240 1214 1261 1245 f.
1280 1215 1339 1245 423
1359 1213 1389 1250 ὓς
1409 1213 1445 1245 V.
1463 1215 1513 1249 86,
1533 1222 1583 1253 ep.
1603 1214 1710 1251 1978.)

341 1271 379 1300 Ut
397 1279 422 1302 s.
671 1267 809 1300 41316.
824 1287 863 1292 -
886 1268 1001 1299 Eidem
1018 1268 1141 1299 indult.
1160 1270 1197 1299 ut
1213 1267 1327 1298 clerici
1344 1268 1377 1298 et
1398 1267 1567 1307 capellani
1591 1266 1646 1297 sui
1670 1266 1816 1306 propriae
1841 1265 1990 1305 capellae,
2010 1274 2048 1296 ac
2063 1265 2122 1296 alii
2139 1265 2236 1296 fami-

311 1317 343 1345 Τ·
360 1316 455 1344 XXVl·
482 1348 485 1349 γ
626 1324 731 1355 liares
747 1325 779 1355 et
792 1323 972 1354 domestici
988 1322 1103 1354 clerici
1120 1321 1187 1358 sui,
1202 1320 1431 1361 praesentesjet
1446 1321 1586 1360 posteri,
1607 1320 1680 1351 suis
1696 1319 1872 1360 obsequiis
1890 1319 2101 1356 insistentes,
2119 1327 2238 1350 omnes

626 1378 777 1409 minores
793 1378 825 1408 et
841 1385 957 1408 sacros
980 1375 1117 1407 ordines
1141 1384 1160 1406 a
1187 1383 1401 1415 quocumque
1425 1374 1575 1406 antistite
1592 1374 1743 1414 recipere
1762 1373 1909 1405 valeant.
1935 1373 1988 1413 (A.
2012 1373 2064 1409 30,
2083 1373 2106 1403 f.
2128 1373 2188 1404 486
2206 1372 2236 1409 ι’;

633 1431 668 1463 V.
686 1433 737 1468 86,
757 1440 810 1470 ep.
826 1430 933 1471 1979.)

344 1485 380 1513 Ut
394 1493 420 1513 ε.
672 1482 809 1514 41317.
826 1501 864 1507 -
879 1483 931 1514 Ad
941 1493 1033 1525 perp.
1055 1483 1103 1514 rei
1118 1482 1306 1514 memoriam.
1327 1482 1379 1513 Ad
1395 1482 1502 1513 instar
1523 1481 1711 1514 Clementis
1728 1481 1827 1521 Papae
1851 1481 1882 1513 V
1900 1479 2238 1512 excommunicantur

307 1531 338 1558 T·
356 1530 455 1559 XVffl·
627 1539 678 1570 illi
693 1539 751 1579 qui
769 1539 805 1570 in
828 1546 932 1578 regno
956 1537 1108 1569 Franciae
1124 1538 1157 1568 et
1172 1536 1259 1568 locis
1276 1535 1531 1567 circumvicinis
1550 1537 1723 1566 monetam
1739 1534 1862 1565 falsam
1882 1534 2020 1570 cudunt,
2045 1533 2103 1574 qui
2120 1542 2236 1565 mone-

626 1594 696 1624 tam
719 1592 918 1624 fabricatam
946 1591 1010 1622 sub
1028 1600 1108 1622 vero
1133 1590 1231 1631 signo
1254 1592 1399 1622 monetae
1420 1598 1538 1629 regum
1563 1589 1716 1620 Franciae
1740 1588 1893 1619 studiose
1914 1588 2111 1626 depravant,
2130 1588 2162 1618 et
2184 1587 2238 1618 illi

627 1646 741 1683 etiam,
759 1646 953 1686 quibusjus
968 1644 1130 1684 competit
1146 1644 1336 1675 fabricandi
1351 1644 1536 1680 monetam,
1553 1643 1612 1682 qui
1629 1643 1772 1673 monetae
1787 1641 1889 1681 regiae
1905 1641 2042 1681 signum
2059 1641 2237 1680 proprium

627 1701 769 1731 monetae
783 1708 886 1739 quam
905 1698 1071 1730 fabricant
1091 1698 1288 1738 imprimere
1305 1697 1502 1734 moliuntur,
1523 1705 1652 1728 necnon
1670 1704 1789 1727 omnes
1805 1695 1865 1726 alii
1882 1695 1941 1734 qui
1965 1694 2112 1726 scienter
2131 1694 2238 1725 falsas

627 1754 782 1784 monetas
803 1754 900 1784 extra
920 1760 1063 1792 regnum
1086 1751 1286 1791 praedictum
1304 1752 1420 1781 emunt
1441 1751 1473 1781 et
1495 1751 1571 1789 post
1593 1750 1682 1780 infra
1709 1757 1850 1789 regnum
1876 1748 1992 1787 ipsum
2015 1756 2072 1779 eas
2089 1749 2236 1788 portant,

628 1806 779 1837 vendunt
792 1807 825 1837 et
842 1805 1051 1845 expendunt.
1073 1804 1234 1836 Omnium
1257 1804 1399 1843 insuper
1417 1803 1655 1842 praedictorum
1671 1801 1851 1833 absolutio
1866 1802 1967 1841 Papae
1984 1802 2016 1832 et
2035 1801 2239 1832 successori-

628 1859 693 1890 bus
708 1859 792 1896 suis,
808 1860 1033 1899 praeterquam
1053 1857 1088 1889 in
1102 1857 1224 1889 mortis
1242 1857 1397 1894 articulo,
1415 1858 1620 1888 reservatur.
1631 1856 1690 1896 [(A.
1709 1857 1759 1893 30,
1779 1855 1801 1886 f.
1818 1856 1878 1886 435
1894 1854 1923 1892 1);
1947 1854 1978 1884 V.
1994 1856 2046 1892 86,
2061 1863 2113 1894 ep.
2132 1854 2238 1895 1980.)

343 1914 379 1942 Ut
399 1922 423 1942 s.
674 1910 811 1942 41318.
828 1929 866 1935 —-
884 1911 1036 1953 Philippo
1051 1912 1088 1943 R.
1109 1912 1146 1942 F.
1166 1911 1361 1950 indulgetur
1384 1911 1420 1941 ut
1441 1910 1477 1940 in
1497 1918 1599 1949 regno
1617 1918 1678 1941 suo
1705 1909 1938 1949 apostatantes
1958 1917 1976 1939 a
1995 1908 2058 1939 fide
2074 1907 2238 1939 catholica

308 1960 339 1987 T·
360 1959 456 1987 XXW·
628 1967 683 1998 vel
697 1966 846 1998 haeretici
862 1966 905 1997 ad
919 1966 1081 1997 ecclesias
1096 1964 1330 2005 confugientes
1343 1965 1380 1995 ut
1393 1973 1453 2004 per
1469 1963 1721 1994 immunitatem
1736 1971 1853 1994 earum
1868 1962 1904 1992 in
1921 1961 2094 2001 apostasia
2106 1961 2161 1992 vel
2175 1961 2237 1992 hae-

628 2021 697 2052 resi
708 2020 904 2060 huJusmodi
917 2019 1154 2055 defendantur,
1171 2018 1302 2049 nullam
1313 2017 1453 2049 tutelam
1466 2018 1644 2057 propterea
1659 2015 1701 2047 ab
1715 2015 1845 2047 eisdem
1861 2015 2015 2046 ecclesiis
2031 2023 2239 2054 consequan-

627 2075 695 2112 tur,
713 2074 774 2105 sed
790 2074 942 2105 locorum
959 2073 1046 2113 ep.is
1063 2072 1117 2104 vel
1135 2070 1398 2112 inquisitoribus
1412 2071 1577 2103 haereticae
1603 2069 1782 2110 pravitatis
1800 2069 1939 2109 illarum
1963 2069 2114 2108 partium
2137 2077 2239 2108 super

628 2128 691 2159 hoc
703 2127 891 2168 requisstss,
906 2128 939 2158 et
954 2127 995 2158 de
1011 2135 1127 2158 eorum
1143 2134 1298 2163 assensu,
1315 2134 1358 2156 ex
1379 2124 1479 2156 dictis
1497 2124 1652 2155 ecclesiis
1670 2123 1777 2154 libere
1795 2122 1945 2154 abstrahi
1970 2122 2116 2158 valeant,
2134 2122 2237 2153 etiam

628 2190 687 2222 per
700 2181 878 2212 brachium
893 2180 1066 2212 saeculare.
1081 2179 1134 2219 (A.
1153 2181 1204 2217 30,
1218 2179 1241 2211 f.
1253 2180 1314 2210 439
1330 2178 1360 2214 ¹²;
1386 2177 1416 2209 V.
1434 2179 1486 2217 86,
1505 2187 1557 2218 ep.
1580 2179 1687 2217 1981.)

344 2235 381 2263 Ut
397 2243 421 2263 s.
612 2253 619 2260 -
672 2232 810 2264 41319.
831 2252 868 2257 -
881 2234 994 2265 Eidem
1013 2233 1209 2274 indulgetur
1225 2234 1262 2264 ut
1281 2232 1456 2264 confessor
1472 2241 1548 2263 cum
1569 2230 1753 2268 debilibus,
1773 2229 1924 2270 gravidis
1946 2231 1980 2261 et
2001 2229 2147 2260 infirmis
2166 2238 2238 2269 per-

308 2280 339 2307 Τ·
360 2279 458 2308 xxm·
629 2289 724 2320 sonis
740 2287 944 2328 hospitiisui
961 2288 1142 2327 utriusque
1154 2295 1270 2324 sexus,
1285 2295 1388 2326 super
1401 2285 1541 2325 jejuniis
1555 2285 1597 2316 ab
1612 2284 1766 2315 Ecclesia
1782 2283 1978 2315 constitutis
1991 2283 2045 2314 vel
2054 2283 2152 2322 juxta
2168 2291 2236 2314 mo-

628 2351 700 2374 rem
715 2342 877 2382 partium,
895 2342 931 2372 in
947 2341 1073 2381 quibus
1087 2341 1162 2381 ipse
1180 2340 1292 2376 fuerit,
1308 2339 1499 2371 observatis
1511 2339 1722 2378 dispensare,
1739 2339 1771 2369 et
1786 2338 1822 2368 in
1833 2337 1962 2368 eisdem
1981 2336 2103 2368 diebus
2116 2336 2239 2377 jeJunii

626 2395 787 2427 vescendi
809 2394 970 2427 carnibus
989 2394 1164 2426 licentiam
1185 2394 1273 2434 ipsis
1294 2393 1464 2433 impertiri
1483 2393 1606 2424 valeat.
1625 2391 1678 2431 (A.
1697 2392 1748 2428 30,
1766 2390 1789 2421 f.
1806 2391 1867 2422 490
1884 2389 1915 2427 1);
1943 2389 1974 2420 V.
1991 2391 2043 2428 86,
2062 2399 2114 2430 ep.
2134 2389 2238 2429 1982.)

344 2449 381 2477 Ut
397 2457 424 2479 s-
674 2446 814 2479 41320.
833 2467 870 2472 -
884 2448 998 2479 Eidem
1014 2448 1178 2488 indulget.
1194 2449 1231 2479 ut
1247 2447 1422 2479 confessor
1440 2446 1480 2477 ab
1500 2445 1658 2477 omnibus
1676 2445 1823 2485 peccatis
1843 2444 1916 2475 suis
1929 2451 2059 2475 necnon
2074 2443 2116 2474 ab
2133 2442 2239 2474 omni-

312 2493 344 2523 Τ·
361 2494 457 2524 ΧΧἯ·
628 2503 692 2535 bus
710 2491 1131 2539 excommunicationibus,
1150 2501 1180 2533 si
1203 2509 1288 2541 quas
1305 2500 1448 2532 incurrit
1465 2499 1520 2531 vel
1546 2498 1741 2536 incurrerit,
1760 2498 1827 2529 nisi
1842 2497 1875 2529 S.
1894 2498 1934 2529 A.
1953 2497 1997 2529 sit
2021 2497 2143 2528 merito
2165 2505 2239 2527 con-

629 2557 784 2594 sulenda,
812 2556 926 2596 ipsum
957 2555 1132 2587 absolvere
1155 2555 1278 2593 valeat,
1307 2554 1349 2585 ad
1370 2554 1480 2585 instar
1503 2552 1718 2584 Innnocentii
1743 2552 1844 2592 Papae
1865 2551 1913 2583 IV
1943 2551 2001 2591 qui
2029 2550 2070 2582 cl.
2097 2558 2141 2580 m.
2167 2549 2239 2589 regi

628 2610 792 2647 Franciae,
807 2609 944 2650 proprio
959 2609 1096 2641 nomine
1112 2617 1180 2640 non
1197 2616 1373 2648 expresso,
1392 2607 1455 2639 hoc
1470 2606 1615 2638 indulsit
1634 2605 1675 2637 ab
1693 2605 1809 2645 aliquo
1824 2613 1841 2636 e
1863 2603 2049 2643 capellanis
2062 2603 2174 2644 ipsius
2189 2602 2238 2633 fa-

627 2664 799 2696 ciendum.
817 2664 871 2702 (A.
887 2664 938 2701 30,
959 2663 981 2694 f.
995 2664 1056 2695 516
1070 2662 1099 2699 b;
1122 2661 1156 2694 V.
1172 2663 1224 2700 86,
1238 2670 1291 2702 ep.
1310 2661 1419 2700 1984.)

345 2715 382 2743 Ut
399 2724 424 2743 ⁸·
676 2714 815 2747 41321.
834 2734 872 2740 -
886 2716 1008 2752 Isarno,
1028 2721 1103 2747 nato
1122 2715 1278 2757 quondam
1301 2714 1447 2745 Falconis
1463 2713 1500 2745 de
1517 2713 1638 2751 Manen,
1658 2711 1730 2743 cler.
1755 2711 1916 2751 Ayennen.
1938 2710 1996 2746 di.‚
2012 2709 2122 2749 gratia
2141 2717 2237 2748 exsp.

293 2760 391 2794 fol,
406 2760 477 2788 xiil.
628 2770 740 2803 benef.
757 2773 798 2810 (c.
814 2780 842 2802 c.
858 2772 897 2803 70
912 2770 968 2802 vel
984 2779 1011 2802 s.
1029 2779 1058 2802 c.
1073 2769 1150 2802 401.
1170 2770 1195 2802 t.
1214 2778 1281 2801 sec.
1300 2770 1371 2800 tax.
1388 2769 1487 2807 dec.)‚
1504 2767 1629 2807 pertin.
1657 2766 1700 2797 ad
1718 2765 1832 2797 collat.
1851 2763 1920 2804 ep.i
1946 2764 1980 2795 et
2006 2763 2106 2802 capit.
2128 2762 2238 2802 Agen-

629 2833 707 2856 nen.
725 2842 766 2847 -—
788 2825 817 2856 Ι.
837 2833 867 2856 e.
889 2833 946 2867 m„
960 2833 1036 2864 ep.o
1055 2824 1306 2860 Convenarum,
1324 2823 1355 2853 et
1381 2821 1597 2853 Lomberien.
1617 2828 1656 2851 ac
1680 2817 1934 2857 Transligeren.
1950 2816 2168 2856 Andegaven.
2186 2823 2239 2846 ar-

629 2878 751 2909 chid.is
768 2878 849 2909 eccl.
867 2877 921 2918 (A.
937 2878 989 2914 30,
1007 2877 1030 2909 s.
1047 2877 1107 2909 518
1122 2876 1151 2913 '³3
1176 2875 1210 2907 V.
1227 2878 1279 2912 87,
1298 2884 1350 2915 ep.
1367 2875 1476 2913 2009.)

346 2928 384 2957 Ut
404 2937 429 2958 ⁸·
676 2927 815 2960 41:322.
831 2948 870 2953 —
897 2930 1006 2961 Priori
1028 2940 1052 2962 s.
1070 2929 1202 2960 Orientii
1226 2928 1392 2963 Auxitan„
1421 2933 1450 2959 et
1476 2926 1705 2967 Transliyeren.
1725 2924 1935 2964 Andeqaven„
1960 2931 1996 2952 ac
2022 2921 2059 2952 de
2085 2920 2240 2952 Pardiaco

336 2973 367 3001 T.
387 2973 445 3003 XL.
605 3006 606 3009 ,
634 2983 787 3015 Auxitan.
802 2982 875 3015 eccl.
892 2983 1041 3014 ‹zv-cllidis
1056 2983 1169 3014 mand.
1188 2982 1274 3014 utin
1290 2982 1330 3013 de
1347 2982 1512 3017 Pessano‚
1529 2981 1570 3012 de
1591 2980 1740 3015 Seramo,
1760 2978 1799 3010 Ο.
1819 2977 1852 3009 S.
1871 2976 1924 3012 B..
1943 2977 1976 3007 et
1990 2975 2239 3013 Berdonarum,

634 3037 773 3069 Cistere.
789 3037 876 3076 ord„
892 3037 1054 3069 Auxitan.
1071 3036 1132 3073 di.‚
1150 3035 1371 3067 monasteriis
1385 3035 1456 3066 tres
1476 3033 1630 3068 clericos,
1647 3031 1806 3063 videlicet
1822 3030 1857 3062 in
1877 3037 1994 3062 eorum
2010 3028 2156 3069 singulis
2172 3028 2241 3059 sin-
