2560 3476
325 311 387 342 284

353 399 456 426 Datum
478 391 664 426 Avenione.

345 499 363 527 5
381 499 477 532 (non.)
493 498 562 533 jun.
585 497 673 525 1328.

410 543 441 570 T.
455 542 514 576 XII,
530 541 600 569 XIV.

463 924 498 952 Ut
513 933 538 952 s.

465 1299 499 1326 Ut
518 1308 541 1326 s.

403 1343 433 1370 T.
454 1344 501 1377 XI,
521 1344 593 1371 XIII.

458 1513 493 1541 Ut
511 1514 542 1541 s.‘

404 1558 435 1585 T.
455 1558 500 1592 xi,
521 1558 594 1586 xm.

455 1619 491 1647 Ut
510 1628 533 1646 s.

403 1663 434 1691 T.
453 1664 499 1697 XI,
517 1664 588 1691 XIII.

455 1726 491 1754 Ut
510 1735 534 1754 s·

405 1771 434 1798 T.
450 1772 496 1805 xi,
513 1772 584 1798 xm.

453 1939 490 1967 Ut
506 1948 529 1966 s.

397 1984 427 2011 T.
444 1984 490 2018 xl,
507 1985 578 2011 xm.

306 2153 325 2181 6
344 2154 411 2190 (vm
430 2154 482 2187 id.)
498 2155 566 2189 jun.
589 2155 679 2185 1328.

419 2200 451 2228 T.
468 2200 563 2229 XXIV.

443 2315 479 2343 Ut
497 2324 521 2343 s.

438 2360 468 2386 T.
484 2360 538 2387 XL.

450 2475 486 2503 Ut
503 2483 526 2504 s.

347 2519 392 2546 Gr.
409 2527 460 2554 pro
474 2528 537 2555 nep.
554 2521 633 2550 card.

447 2689 484 2716 Ut
504 2698 528 2716 s.

395 2733 426 2761 T.
444 2733 490 2768 XI,
505 2733 577 2762 XIII.

451 2903 486 2931 Ut
503 2912 526 2932 s.

434 2948 464 2974 Τ.
482 2948 538 2977 XL.

721 304 895 336 JOANNIS
918 303 1039 335 PAPAE
1059 302 1162 334 XXII.
1186 301 1438 343 (1316-1834).
1459 319 1498 325 —
1519 301 1708 334 LITTERAE
1729 301 1957 335 COMMUNES

798 494 934 526 41460.
952 514 989 519 -
1007 493 1162 535 Gausrido
1179 493 1217 524 de
1236 493 1344 529 Biure,
1364 503 1435 525 can.
1451 493 1522 525 eccl.
1546 491 1572 523 T
1570 503 1764 532 erraconen.,
1784 494 1872 526 conf.
1896 493 2190 526 archidiaconatus
2208 503 2237 526 s.
2255 495 2357 527 Fruc-

750 551 843 582 tuosi
863 549 1046 593 in-eadem
1075 547 1230 585 ecclesia,
1257 555 1382 578 vacans
1403 555 1462 587 per
1490 547 1740 579 assecutionem
1764 547 2056 580 archidiaconatus
2081 548 2222 589 majoris
2245 548 2357 588 ipsius

751 604 845 640 ecch,
867 602 1053 634 Guillelmo
1070 602 1110 632 de
1126 602 1308 641 Requesen
1329 609 1389 641 per
1411 601 1476 631 ΡΡ.
1496 600 1630 639 collati3
1655 609 1721 632 non
1739 600 1824 633 obst.
1845 601 1934 642 quod
1952 601 2117 642 quasdam
2136 601 2320 642 pensiones
2336 610 2357 634 a

751 657 997 689 Barchinonen.
1019 657 1051 686 et
1069 655 1186 686 Vicen.
1203 654 1301 694 ep.is,
1318 663 1355 685 ac
1376 653 1537 694 hospitali
1552 663 1579 685 s,
1601 654 1745 686 Joannis
1763 654 2033 686 Jerosolimitani
2049 653 2213 693 obttneat3
2228 655 2356 686 dictum

749 712 863 742 tamen
890 709 1072 740 archidiac.
1099 708 1269 739 dimittere
1293 709 1428 740 tenetur
1457 709 1638 748 postquam
1664 707 1879 748 dignitatem,
1905 709 2137 748 personatum,
2161 708 2355 741 administr.

751 764 804 795 vel
821 764 875 794 off.
891 772 919 794 c.
939 772 967 794 c.
983 762 1038 794 vel
1054 771 1082 793 s.
1100 770 1142 798 c.‚
1161 770 1263 801 quam
1279 761 1331 792 vel
1349 769 1451 801 quem
1465 769 1526 792 seu
1545 761 1635 802 quod
1651 761 1684 792 in
1703 761 1820 793 eadem
1837 761 1982 793 ecclesia
1995 762 2162 802 expectat,
2179 763 2357 794 assecutus

749 817 862 848 suerit.
879 836 916 840 -
932 817 958 848 I.
980 824 1009 847 e.
1029 825 1073 847 m.
1093 816 1134 846 de
1149 815 1245 847 Silva
1271 815 1481 853 Ger-undem,
1500 815 1576 846 ets.
1602 815 1772 855 Engratiae
1796 815 1917 848 oscen.
1942 815 2114 853 archid.is,
2133 823 2171 847 ac
2198 815 2357 848 Michaeli

749 870 964 908 Ricomanni,
983 879 1055 901 can.
1074 869 1246 901 Valentin.
1267 869 1349 900 eccl.
1369 868 1421 906 (A.
1442 870 1494 905 31,
1510 868 1532 900 f.
1551 869 1590 900 29
1607 873 1635 906 ει;
1658 868 1693 900 V.
1713 869 1765 907 87,
1782 877 1834 908 ep.
1851 870 1959 907 2621.)

795 921 931 953 41461.
948 943 985 947 -
998 923 1164 953 Francisco
1180 922 1284 953 abbati
1296 922 1478 953 monasterii
1491 932 1515 953 s.
1538 921 1645 952 Crucis
1660 922 1697 953 de
1714 922 1874 964 Triputzo,
1889 922 1924 953 0.
1937 921 1974 953 S.
1990 922 2041 960 B.‚
2059 921 2284 954 camerinensis
2297 922 2356 959 di„

747 978 1004 1009 commendatur
1023 976 1268 1008 monasterium
1291 976 1325 1007 S.
1352 977 1396 1007 M.
1424 976 1464 1007 de
1487 975 1603 1013 Sitria‚
1624 976 1663 1007 O.
1681 976 1714 1007 S.
1738 977 1790 1013 B.‚
1817 975 1979 1007 Nucerin.
1999 976 2060 1012 di..
2079 975 2233 1008 interris
2249 977 2292 1009 R.
2315 976 2356 1008 Ε.

747 1031 910 1072 subjectis
927 1031 1129 1069 consistens,
1148 1039 1208 1070 per
1225 1030 1355 1061 obitum
1373 1029 1497 1062 Ubaldi
1512 1029 1601 1069 apud
1616 1030 1648 1061 S.
1667 1030 1707 1061 A.
1727 1029 1852 1068 praevia
1869 1029 2020 1070 generali
2038 1029 2268 1061 reservatione
2289 1038 2357 1062 om·

747 1085 842 1116 nium
859 1084 1144 1116 monasteriorum
1170 1084 1205 1114 in
1224 1083 1353 1114 eisdem
1372 1083 1475 1114 terris
1499 1083 1763 1114 consistentium
1782 1092 1867 1118 vac.‚
1885 1083 1964 1114 licet
1983 1084 2169 1115 conventus
2187 1083 2358 1124 quondam

746 1139 928 1178 Angelum,
944 1140 1024 1169 tunc
1051 1146 1142 1169 mon.
1162 1139 1194 1168 et
1215 1137 1439 1168 camerarium
1464 1137 1615 1177 ejusdem
1645 1136 1858 1171 monasterii,
1884 1137 1919 1168 in
1947 1136 2104 1168 abbatem
2130 1137 2306 1177 elegerint,
2323 1138 2357 1169 et

746 1192 812 1222 loci
833 1192 1043 1223 dioecesanus
1069 1191 1270 1222 electionem
1294 1191 1549 1221 confirmaverit
1571 1190 1737 1221 eamdem.
1758 1207 1797 1213 —
1814 1190 1843 1221 I.
1869 1199 1898 1221 e.
1928 1197 1971 1221 m.
1991 1199 2087 1221 conV.
2112 1190 2265 1230 praedicti
2285 1198 2356 1222 mo-

749 1247 837 1276 nast.
855 1246 888 1276 S.
905 1246 949 1276 M.
966 1245 1005 1276 de
1024 1245 1129 1277 Sitria
1145 1247 1176 1276 et
1196 1253 1271 1284 ep.o
1285 1244 1469 1276 Nucerino.
1487 1245 1540 1284 (A.
1562 1245 1614 1280 31,
1636 1243 1660 1274 f.
1677 1245 1757 1280 49³3
1780 1243 1816 1275 V.
1833 1244 1886 1281 87,
1902 1252 1955 1284 ep.
1971 1243 2081 1284 2666.)

792 1296 930 1328 41462.
947 1317 986 1322 -
1002 1298 1184 1330 Bertholz'no
1207 1298 1244 1328 de
1264 1297 1364 1329 Sistro
1383 1306 1476 1337 prov.
1501 1306 1619 1328 canon.
1637 1297 1700 1328 sub
1721 1306 1818 1337 exsp.
1845 1297 1947 1337 praeb.
1968 1296 2079 1337 plebis
2103 1306 2131 1329 s.
2156 1297 2296 1338 Georgii
2313 1297 2355 1329 de

746 1352 912 1393 Bilegnio,
933 1352 1119 1383 Placentin.
1139 1352 1185 1383 di.
1210 1369 1249 1374 -
1275 1352 1315 1382 In
1330 1361 1359 1382 e.
1391 1360 1436 1382 m.
1454 1351 1568 1382 abbati
1591 1352 1737 1382 monast.
1763 1360 1792 1381 s.
1811 1351 1904 1387 SISti,
1930 1352 1962 1382 et
1977 1360 2078 1391 praep.
2097 1359 2126 1382 s.
2152 1351 2296 1382 Joannis
2313 1351 2356 1383 de

746 1406 845 1438 domo
862 1406 1063 1443 Placentin.,
1077 1407 1109 1437 et
1126 1405 1270 1445 archipr.
1291 1405 1331 1436 de
1350 1406 1520 1446 Cngnano,
1540 1405 1727 1436 placentin.
1745 1405 1804 1441 di„
1822 1404 2055 1436 ecclesiarum.
2072 1404 2124 1445 (A.
2142 1405 2195 1442 32,
2211 1404 2234 1436 f.
2251 1405 2354 1443 24623

750 1459 783 1490 V.
801 1461 852 1496 88,
873 1469 890 1490 e
919 1484 926 1491 .
943 1461 980 1490 31
1006 1461 1036 1490 5.

791 1469 926 1542 4146}
946 1460 1089 1544 —7Itgm
1111 1513 1145 1543 in
1168 1512 1311 1544 ecclesia
1338 1521 1366 1543 s.
1395 1511 1524 1543 Donini
1550 1511 1738 1543 placentin.
1766 1511 1885 1543 Joanni
1906 1510 1990 1542 dicto
2007 1511 2113 1542 Marco
2140 1511 2298 1553 Biayyua.
2316 1529 2356 1535 —

710 1539 713 1558 Ι
744 1567 783 1598 In
810 1576 838 1598 e.
857 1576 901 1597 m.
918 1568 955 1598 ut
973 1575 999 1598 s.
1020 1567 1071 1604 (A.
1089 1568 1140 1603 32,
1158 1566 1181 1597 f.
1197 1567 1256 1597 247
1277 1571 1306 1603 ³3
1328 1566 1364 1597 V.
1380 1567 1436 1611 88,·
1447 1574 1500 1605 ep.
1517 1566 1622 1604 3178.)

789 1617 926 1650 41464.
946 1638 985 1642 -
1009 1620 1093 1651 Item
1112 1620 1146 1651 in
1169 1619 1314 1651 ecclesia
1336 1619 1498 1650 Bobiensi
1529 1619 1658 1650 Calvino
1677 1618 1714 1649 de
1736 1618 1851 1651 calvis.
1866 1636 1906 1642 —-
1926 1619 1964 1650 In
1989 1606 2019 1650 e.
2043 1627 2089 1649 m.
2111 1619 2149 1650 ut
2174 1627 2203 1650 s.
2222 1618 2276 1660 (A.
2301 1619 2353 1656 32,

744 1674 767 1705 f.
784 1673 887 1710 247123
906 1673 941 1704 V.
959 1675 1010 1709 88,
1029 1682 1082 1712 ep.
1097 1675 1202 1712 3182.)

789 1724 926 1756 41465.
945 1745 984 1749 —
1008 1726 1175 1762 Joannino,
1196 1730 1270 1757 nato
1297 1725 1456 1757 Guillelmi
1483 1724 1685 1766 Durempelli,
1717 1725 1869 1765 provisio
1894 1733 2013 1756 canon.
2039 1724 2103 1756 sub
2128 1733 2225 1764 exsp.
2249 1724 2353 1765 praeb.

742 1780 823 1812 eccl.
839 1789 864 1811 s.
887 1780 1033 1820 Brigidae
1049 1779 1240 1811 Placentia.
1259 1797 1297 1802 —
1310 1779 1336 1811 Ι.
1355 1788 1384 1810 e.
1410 1788 1455 1810 m.
1472 1779 1596 1810 Joanni
1613 1779 1655 1810 el.
1685 1779 1839 1819 Papien„
1853 1779 1885 1810 et
1902 1777 2016 1809 abbati
2030 1778 2233 1810 monasterii
2249 1787 2277 1810 s.
2294 1778 2352 1811 Se-

741 1833 850 1873 pulcri
868 1833 1068 1869 placentin„
1090 1842 1128 1864 ac
1145 1833 1326 1873 praeposito
1350 1832 1431 1864 eccl.
1457 1841 1485 1863 s.
1503 1832 1646 1863 Joannis
1672 1832 1712 1864 de
1732 1832 1841 1863 Domo
1861 1831 2047 1864 Placentia.
2069 1831 2121 1870 (A.
2135 1833 2186 1868 31,
2205 1831 2230 1863 f.
2245 1832 2306 1864 304
2320 1836 2353 1870 *ς

747 1887 782 1918 V.
801 1888 853 1925 88,
871 1896 923 1926 ep.
937 1887 1047 1927 3230.)

785 1937 923 1970 41466.
943 1958 981 1963 —-
997 1939 1161 1977 Jacobino,
1181 1944 1254 1970 nato
1277 1938 1437 1971 Guillelmi
1452 1939 1488 1970 de
1505 1938 1600 1976 Bolli,
1626 1939 1776 1980 provisio
1798 1947 1917 1970 canon.
1933 1939 1997 1970 Sub
2021 1947 2117 1979 exsp.
2134 1938 2239 1978 praeb.
2269 1938 2351 1972 eccl.

741 2003 767 2026 s.
789 1994 967 2026 Michaelis
984 1994 1024 2025 de
1039 1994 1231 2034 Gragnano,
1254 1993 1445 2025 Placentin.
1464 1993 1511 2024 di.
1527 2012 1565 2016 —
1583 1993 1612 2023 Ι.
1629 2002 1657 2024 e.
1678 2001 1723 2024 m.
1742 1992 1855 2023 abbati
1872 1994 2015 2024 monast.
2034 2001 2062 2024 s.
2079 1992 2256 2032 Sepulchri
2273 1992 2350 2024 Pla·

740 2048 876 2085 centin.,
893 2049 927 2079 et
941 2056 1043 2087 praep.
1062 2047 1141 2079 eccl.
1162 2046 1316 2082 Bobien.,
1334 2056 1372 2078 ac
1387 2046 1532 2086 archipr.
1550 2045 1662 2086 plebis
1680 2055 1707 2077 s.
1725 2046 1868 2078 Joannis
1880 2046 1920 2078 de
1938 2047 2050 2078 castro
2066 2054 2095 2077 s.
2111 2046 2254 2082 Joanne,
2273 2045 2355 2078 Pla-

738 2102 864 2133 centin.
884 2101 930 2132 di.
949 2101 1002 2140 (A.
1020 2103 1072 2138 31,
1089 2101 1112 2132 f.
1129 2103 1189 2132 433
1206 2106 1238 2138 ῦς
1262 2100 1297 2132 V.
1316 2101 1369 2138 88,
1386 2109 1438 2140 ep.
1458 2101 1564 2139 3551.)

783 2152 921 2184 41467.
938 2174 976 2178 -
992 2155 1110 2185 loanni
1125 2154 1163 2185 el.
1181 2154 1349 2186 Abrincen.
1372 2154 1471 2185 facul.
1491 2153 1736 2185 tabellionatus
1752 2153 1807 2184 off.
1824 2153 2030 2184 concedendi
2049 2154 2069 2184 2
2087 2153 2168 2185 cler.
2189 2161 2257 2185 non
2272 2151 2368 2185 con->

734 2208 862 2249 jtlgatis
885 2218 945 2240 nec
960 2210 996 2240 in
1012 2209 1119 2240 sacris
1136 2209 1208 2240 ord.
1228 2207 1438 2245 constitutis,
1456 2207 1498 2238 ab
1521 2208 1598 2247 ipso
1622 2207 1801 2248 eligendis,
1819 2215 1896 2238 cum
1912 2207 2022 2238 forma
2033 2206 2220 2247 juramenti
2237 2206 2350 2239 fideli-

736 2263 817 2294 tatis
836 2264 878 2294 R.
895 2263 934 2294 E.
952 2263 993 2294 ab
1006 2263 1094 2302 ipsis
1110 2262 1304 2302 praestandi.
1323 2261 1376 2302 (A.
1390 2263 1443 2299 29,
1459 2261 1481 2291 f.
1500 2262 1558 2292 135
1570 2266 1598 2298 a;
1625 2260 1655 2292 V.
1674 2262 1726 2296 85,
1746 2270 1798 2300 ep.
1815 2261 1921 2300 1028.)

782 2314 827 2346 41
839 2313 923 2346 468.
940 2334 980 2340 -
995 2316 1137 2347 Decanus
1154 2315 1339 2351 Bituricen.,
1362 2320 1391 2345 et
1412 2314 1532 2345 archid.
1548 2314 1745 2351 Laudunen..
1763 2325 1798 2344 ac
1821 2314 1957 2346 thesaur.
1979 2313 2185 2346 Catalaunen.
2204 2313 2277 2346 eccl.
2293 2314 2351 2346 de-

736 2372 898 2410 putantur
919 2371 958 2401 ut
987 2371 1254 2407 conservatores,
1275 2369 1317 2401 ad
1346 2368 1629 2409 quinquennium,
1658 2377 1718 2408 pro
1748 2368 1891 2407 Joanne,
1909 2377 1986 2408 ep.o
2013 2368 2193 2400 Carnoten.
2221 2367 2275 2409 (A.
2298 2369 2350 2406 29,

736 2424 761 2454 f.
784 2425 844 2456 146
860 2429 888 2460 ²3
913 2423 951 2456 V.
969 2425 1019 2460 86,
1038 2432 1088 2464 ep.
1108 2424 1214 2462 1910.)
2110 2462 2114 2464 .

780 2475 918 2507 41469.
937 2496 975 2500 -
998 2477 1155 2508 Amanevo
1178 2476 1216 2508 de
1232 2475 1356 2517 Εἀνφὶς,
1373 2475 1490 2510 decano
1515 2474 1589 2507 eccl.
1618 2475 1840 2517 Burdeqalen„
1865 2474 2038 2506 baccalario
2061 2474 2095 2506 in
2123 2474 2254 2515 leqibus,
2270 2473 2348 2506 Rai-

735 2531 842 2562 mundi
857 2531 892 2563 S.
909 2531 950 2563 M.
967 2531 1062 2562 Novae
1081 2530 1163 2562 diac.
1188 2530 1275 2561 card.
1293 2529 1413 2572 nepoti,
1437 2529 1633 2570 indulgetur
1651 2530 1698 2567 ut,
1722 2538 1833 2570 usque
1855 2529 1897 2560 ad
1918 2529 2117 2567 triennium,
2138 2528 2216 2569 jura
2231 2528 2349 2560 civilia

735 2585 853 2616 audire
871 2585 925 2616 vel
946 2585 1059 2625 legere
1082 2584 1117 2616 in
1136 2584 1222 2620 loco,
1246 2584 1306 2615 ubi
1330 2583 1483 2615 studium
1505 2583 1617 2624 vigeat
1637 2582 1806 2624 generale,
1829 2582 1936 2614 libere
1954 2583 1987 2614 et
2012 2582 2108 2613 licite
2122 2582 2254 2619 valeat3
2281 2590 2349 2614 non
2371 2601 2374 2603 Δ

735 2637 821 2670 obst.
841 2639 1005 2670 decanatu
1021 2638 1193 2679 praedicto.
1215 2637 1266 2676 (A.
1282 2639 1334 2675 30,
1351 2637 1374 2669 f.
1390 2638 1450 2669 403
1469 2636 1499 2674 ι’;
1522 2636 1558 2668 V.
1575 2637 1625 2673 86,
1643 2645 1692 2677 ep.
1710 2637 1816 2675 1914.)

779 2689 920 2722 41470.
938 2710 978 2715 -
994 2692 1114 2724 ,Ioanni
1130 2691 1317 2733 Hautfuney
1334 2690 1471 2723 collatio
1486 2691 1579 2722 motu
1595 2689 1734 2730 proprio
1751 2698 1884 2726 canon„
1901 2688 2004 2730 praeb.
2027 2690 2059 2721 et
2078 2689 2132 2720 off.
2150 2689 2347 2721 camerariae

734 2746 884 2778 ecclesiae
898 2746 989 2778 beati
1004 2746 1143 2778 Martini
1162 2746 1350 2783 Turonen„
1368 2754 1440 2776 vac.
1453 2753 1513 2784 per
1528 2743 1658 2776 obitum
1674 2743 1861 2775 Raimundi
1874 2743 1915 2774 de
1933 2742 2089 2779 Parisiis,
2106 2742 2139 2774 S.
2158 2743 2197 2774 Α.
2219 2751 2292 2783 cap.
2307 2761 2348 2767 -

733 2800 760 2831 Ι.
779 2809 807 2831 e.
825 2809 871 2831 m.
885 2809 974 2840 mag.
996 2799 1168 2832 Bernardo
1181 2798 1356 2839 Stephani,
1372 2797 1499 2830 archid.
1510 2798 1681 2838 Figiacen.
1695 2797 1889 2834 Caturcen„
1900 2797 2001 2836 Papae
2015 2797 2099 2832 not..
2115 2797 2149 2827 et
2166 2795 2347 2828 scolastico

734 2853 979 2890 Constantien.,
990 2862 1028 2884 ac
1040 2852 1227 2885 Guillelmo
1239 2852 1432 2890 Bertranni,
1443 2860 1516 2883 can.
1527 2851 1695 2882 Parisien.
1708 2850 1787 2882 eccl.
1800 2850 1851 2891 (A.
1863 2848 1914 2888 30,
1924 2850 1947 2881 t'.
1957 2851 2054 2886 41415
2068 2849 2104 2881 V.
2114 2850 2165 2887 86,
2176 2857 2228 2889 ep.
2241 2849 2346 2889 1930.)

778 2903 919 2936 41471.
934 2925 974 2929 -
988 2906 1178 2948 Archiep.us
1196 2905 1363 2943 Gneznen.,
1383 2909 1413 2936 et
1427 2904 1562 2936 decanus
1586 2903 1739 2936 Gneznen.
1758 2908 1787 2935 et
1810 2903 1932 2935 archid.
1955 2902 2185 2935 Wraeislavien.
2201 2903 2272 2933 eccl.
2293 2903 2346 2935 de·

733 2961 896 2999 putantur
927 2961 964 2991 ut
992 2961 1261 2996 conservatores,
1299 2959 1342 2991 ad
1368 2958 1653 3000 quinquennium,
1686 2967 1747 2999 pro
1775 2966 1852 2998 ep.o
1880 2956 2173 2990 Wratislaviensi.
2211 2956 2264 2996 (A.
2293 2957 2344 2996 29,

734 3013 758 3044 f.
773 3014 831 3045 146
847 3013 877 3050 ¹‘;
903 3014 938 3045 V.
955 3015 1006 3051 86,
1023 3023 1075 3054 ep.
1097 3014 1202 3053 1933.)
