2560 3476
311 302 372 333 366

342 390 447 417 Datum
460 382 645 418 Avenione.

381 597 418 626 17
432 605 499 632 augy.
519 597 609 626 1328.

372 646 436 678 (xv1
451 642 511 669 kal.
529 641 619 677 sept.)

420 687 451 715 T.
471 687 565 714 XXVI.

453 1026 490 1054 Ut
510 1034 534 1053 s.

423 1071 454 1098 T.
471 1071 565 1098 XXIV.

452 1295 488 1323 Ut
508 1304 532 1322 s.

416 1341 447 1367 T.
462 1341 492 1372 C,
509 1341 567 1368 CH.

451 1723 487 1751 Ut
507 1732 531 1750 s.

418 1769 448 1795 T.
465 1768 569 1795 vnxxx·

449 2152 485 2180 Ut
505 2161 529 2180 S.

344 2197 376 2226 T.
396 2197 430 2224 x1
449 2199 491 2231 ¹l2‚
510 2197 572 2225 xm
591 2197 635 2233 ψ..

452 2564 487 2608 Ut
502 2589 526 2608 s.

438 2626 468 2652 T.
486 2625 542 2652 XL.

378 2849 414 2876 48
429 2856 495 2883 augy.
512 2849 601 2876 1328.

375 2893 427 2928 (xv
441 2893 500 2920 kal.
516 2893 604 2928 sept.)

709 295 883 327 JOANNIS
906 295 1025 326 PAPAE
1046 295 1149 326 XXII.
1173 295 1421 336 (1316-1834).
1445 314 1484 319 -
1506 294 1694 326 LITTERAE
1716 295 1943 327 COMMUNES

743 494 827 518 cano
843 488 876 518 et
893 487 1053 528 capitulo,
1070 488 1293 527 suffraganeis
1311 489 1343 519 et
1357 487 1520 519 vassallis
1535 487 1616 519 eccl.
1633 486 1787 520 Toletan.
1797 497 1807 526 3
1825 488 1916 520 clero
1932 489 1964 520 et
1981 488 2107 529 populo
2125 489 2217 521 civit.
2230 490 2264 521 et
2279 489 2346 527 di.;

742 540 930 580 Alphonso,
950 541 1020 581 regi
1039 541 1196 573 Castellae
1213 542 1246 572 et
1263 541 1435 581 Legionis,
1456 541 1508 578 (A.
1527 542 1578 579 31,
1595 541 1619 573 f.
1643 543 1682 573 53
1697 541 1774 578 ·;V.
1788 543 1840 580 87,
1856 550 1910 582 ep.
1926 543 2033 581 2677.)

787 590 925 624 42203.
946 611 983 616 -
1000 595 1118 626 Joarmi
1138 594 1176 626 el.
1206 594 1387 631 Abrincen.,
1410 593 1514 635 famil.
1537 593 1685 636 Philippi
1703 594 1741 627 R.
1766 596 1801 626 F.
1829 595 1980 636 supplic..
1996 597 2197 637 prorogatur
2214 597 2349 636 tempus

742 647 925 687 recipiendi
943 649 1232 680 consecrationem
1249 657 1356 688 usque
1373 648 1416 680 ad
1430 656 1556 679 annum
1571 657 1590 679 a
1605 648 1672 679 kal.
1686 649 1751 680 oct.
1767 648 1923 689 proxime
1937 650 2101 686 venturis,
2121 650 2163 681 ad
2178 658 2263 690 quas
2276 649 2348 690 jam

741 703 960 740 prorogatum
985 701 1096 733 fuerat
1121 704 1269 741 tempus,
1294 702 1572 742 computandum,
1597 710 1675 733 cum
1691 702 1824 733 indulto
1853 706 1889 733 ut
1909 703 2128 735 canonicatus
2143 706 2177 734 et
2192 702 2294 743 praeb.
2313 703 2349 734 in

741 754 1001 794 Rothomagen.,
1021 755 1254 787 constantien.
1271 757 1304 787 et
1320 755 1559 791 Cenomanen.,
1577 763 1707 787 necnon
1719 755 1921 787 decanatum
1937 756 1972 787 in
1989 756 2108 799 eadem
2120 756 2347 788 Cenomanen.

742 807 824 839 eccl.
844 817 883 839 ac
899 810 1102 848 perpetuum
1118 809 1243 846 benef.‚
1269 817 1422 840 eremum
1445 809 1486 840 de
1511 809 1708 840 Bellasaula
1721 809 1908 849 vulgariter
1925 811 2167 850 nuncupatum,
2183 811 2216 842 et
2233 818 2350 850 perpe-

741 864 818 893 tuas
835 862 955 902 capell.
975 863 1015 893 de
1032 862 1222 903 Arrehleya
1250 865 1282 894 et
1310 872 1337 893 s.
1367 862 1467 894 Pauli
1485 862 1719 900 vicecomitiS‚
1743 863 1972 895 cenomanen.
1998 865 2032 896 et
2053 863 2187 904 Sagien.
2206 863 2267 902 (11..
2282 872 2350 896 una

742 924 819 946 cum
835 916 1031 956 episcopatu
1048 916 1231 948 Abrincen.
1250 917 1395 948 retinere
1413 916 1524 948 valeat
1533 926 1542 953 3
1558 916 1631 956 ipse
1651 917 1742 948 enim
1759 916 1946 957 obsequiis,
1966 917 2111 957 negotiis
2126 926 2164 949 ac
2181 917 2350 949 comitivae

743 970 833 1009 regis
850 969 959 1009 ejusd.
976 969 1076 1001 habet
1093 970 1286 1001 necessario
1302 970 1530 1009 personaliter
1546 970 1709 1001 residere.
1728 970 1780 1009 (A.
1795 971 1847 1007 31,
1866 970 1887 1001 f.
1903 972 1944 1002 59
1961 970 1991 1006 b;
2013 970 2048 1002 V.
2067 972 2119 1008 87,
2133 979 2185 1011 ep.
2201 971 2309 1010 2689.)

788 1020 925 1052 42204.
944 1041 982 1046 --
1000 1024 1094 1054 Petro
1112 1024 1148 1054 de
1167 1024 1336 1061 Tiratoria,
1357 1034 1423 1064 cap.
1441 1029 1469 1054 el
1481 1023 1584 1064 famil.
1602 1023 1690 1054 Petri
1706 1023 1771 1064 ep.i
1787 1023 1987 1062 Praenestini,
2006 1024 2225 1056 confirmatur
2242 1024 2352 1065 gratia

743 1086 838 1117 exsp.
858 1078 925 1116 ipsi
943 1078 1031 1108 facta
1045 1078 1085 1109 de
1101 1077 1212 1109 benef.
1238 1087 1266 1109 c.
1285 1087 1313 1109 c.
1330 1078 1385 1108 vel
1408 1086 1435 1108 s.
1461 1087 1488 1108 c.
1514 1078 1555 1108 ad
1577 1077 1688 1108 collat.
1712 1078 1782 1117 ep.i
1807 1078 2046 1118 Magalonen.;
2068 1086 2133 1109 non
2153 1078 2239 1110 obst.
2260 1078 2351 1118 quod

743 1131 978 1163 canonicatum
996 1133 1028 1163 et
1041 1131 1143 1171 praeb.
1160 1131 1406 1162 sacerdotalem
1423 1131 1457 1162 in
1473 1131 1660 1171 Lingonen.
1673 1131 1752 1162 eccl.
1769 1131 1932 1166 obtineat,
1947 1133 1980 1163 et
1994 1132 2132 1163 statutis
2143 1131 2250 1171 ejusd.
2267 1131 2348 1163 eccl.

742 1186 900 1216 caveatur
917 1185 1007 1224 quod
1023 1185 1182 1216 obtinens
1197 1185 1232 1215 in
1249 1185 1338 1216 dicta
1353 1185 1434 1216 eccl.
1450 1184 1666 1224 praebendam
1690 1185 1934 1216 sacerdotalem
1946 1179 2024 1216 ‘non
2051 1185 2161 1225 possit
2186 1185 2281 1216 aliud
2296 1184 2351 1217 be-

741 1238 823 1275 nef„
841 1239 1062 1270 residentiam
1078 1239 1292 1278 personalem
1308 1239 1460 1278 exigens,
1479 1238 1638 1270 retinere.
1658 1238 1710 1276 (A.
1729 1239 1780 1276 31,
1800 1238 1825 1269 f.
1841 1239 1880 1270 64
1895 1243 1926 1274 ⁸3
1950 1238 1986 1270 V.
2005 1239 2058 1276 87,
2076 1247 2129 1279 ep.
2144 1238 2250 1278 2702.)

786 1291 797 1303 ”
822 1289 961 1322 42205.
979 1310 1015 1316 —-
1039 1292 1255 1324 Revocantur
1278 1292 1321 1323 ad
1344 1293 1443 1332 Papae
1458 1292 1490 1323 et
1513 1293 1554 1323 A.
1577 1291 1611 1323 S.
1639 1300 1783 1323 examen
1807 1300 1925 1323 omnes
1947 1300 2058 1323 causae
2075 1292 2245 1324 vertentes
2261 1292 2351 1324 inter

739 1346 916 1383 Joannem‚
934 1355 1048 1385 epum
1062 1346 1253 1383 Belvacen.‚
1270 1348 1302 1377 et
1315 1345 1549 1383 Guillelmum,
1567 1346 1775 1385 archiep.um
1789 1346 1941 1381 Remen„
1952 1346 2251 1386 metropolitanum
2263 1346 2350 1386 eJus,

741 1408 926 1439 eorumque
941 1400 1117 1437 officiales,
1135 1408 1237 1440 super
1251 1408 1289 1431 eo
1302 1399 1393 1439 quod
1408 1399 1518 1431 dictus
1529 1399 1721 1439 archiep.us
1735 1401 1851 1431 contra
1866 1399 2046 1431 canonicas
2060 1399 2252 1431 sanctiones
2265 1399 2351 1431 duos

740 1453 904 1485 officiales
921 1454 1079 1484 foraneos
1094 1453 1126 1484 in
1146 1453 1192 1484 di.
1211 1453 1390 1484 Belvacen.
1408 1453 1599 1490 constituit,
1615 1454 1648 1484 et
1662 1453 1803 1492 praefato
1821 1461 1909 1493 ep.o‚
1927 1453 2067 1493 ejusque
2085 1452 2291 1484 officialibus
2308 1453 2352 1484 ad

739 1507 860 1538 Sedem
887 1507 1083 1547 praedictam
1107 1507 1233 1546 saepius
1262 1506 1526 1546 appellantibus,
1543 1506 1577 1536 in
1593 1506 1689 1546 ipsos
1706 1515 1836 1537 excom.
1853 1508 1886 1537 et
1904 1506 2143 1546 suspensionis
2163 1506 2350 1538 sententias

739 1560 969 1601 promulgavit
984 1562 1017 1591 et
1035 1561 1075 1591 ad
1091 1560 1366 1600 aggravationem
1385 1560 1550 1592 dictarum
1567 1560 1811 1591 sententiarum
1828 1560 1940 1591 modis
1957 1560 2153 1591 inhumanis
2170 1561 2203 1591 et
2218 1560 2350 1592 inaudi-

739 1614 784 1645 tis
806 1614 972 1654 processit
987 1623 996 1652 ;
1014 1615 1171 1654 sequitur
1186 1613 1356 1644 absolutio
1373 1622 1392 1644 a
1407 1613 1509 1644 dictis
1525 1613 1704 1644 sententiis
1721 1613 1763 1644 ad
1777 1613 1956 1645 cautelam.
1969 1613 2023 1654 (A.
2039 1615 2092 1650 31,
2105 1613 2128 1645 f.
2145 1614 2185 1645 80
2197 1619 2226 1650 ²;
2245 1613 2281 1645 V.
2297 1615 2350 1652 87,
2402 1607 2404 1610 ’

739 1676 791 1707 ep.
807 1669 914 1706 2748.)

783 1719 922 1751 42206.
941 1738 976 1743 -
997 1721 1116 1752 loanni
1131 1721 1203 1751 olim
1220 1720 1380 1762 archiep.o
1396 1721 1550 1756 Toletan.‚
1569 1721 1602 1750 in
1609 1720 1826 1761 patriarcham
1840 1720 2050 1752 Alexandria.
2062 1720 2168 1759 electo,
2182 1729 2350 1753 commen·

739 1775 849 1812 datur,
871 1775 983 1814 quoad
1010 1775 1146 1810 vixerit,
1171 1774 1316 1805 ecclesia
1342 1775 1584 1812 Terraconen,
1602 1783 1727 1805 vacans
1755 1783 1814 1814 per
1839 1774 2102 1806 translationem
2130 1775 2285 1806 Eximini
2309 1776 2351 1807 ad

739 1828 1068 1868 archiepiscopatum
1082 1828 1256 1864 Toletan.;
1277 1827 1500 1860 Alexandrin.
1523 1828 1615 1859 enim
1636 1828 1780 1859 ecclesia
1802 1836 1988 1868 eorumque
2016 1828 2104 1859 bona
2125 1828 2167 1859 ab
2183 1829 2351 1869 Agarenis

738 1882 944 1919 detinentur,
962 1882 1098 1921 ipsique
1115 1882 1155 1912 de
1173 1881 1266 1921 regia
1283 1881 1389 1921 stirpe
1407 1881 1532 1921 genito,
1545 1882 1643 1921 juxta
1661 1882 1867 1921 exigentiam
1887 1881 2026 1913 honoris
2043 1883 2076 1913 et
2098 1881 2288 1914 nobilitatis
2303 1883 2351 1922 ip—

739 1935 812 1966 sius
828 1935 980 1967 ecclesiae
1006 1935 1247 1967 Alexandrinae
1270 1944 1479 1975 suorumque
1495 1935 1675 1975 grandium
1702 1935 1939 1966 excellentiam
1965 1936 2176 1974 meritorum,
2198 1945 2265 1967 non
2283 1945 2351 1968 res-

738 1989 862 2028 pondet
880 1989 978 2028 copia
993 1989 1206 2020 facultatum.
1224 2007 1265 2013 --
1286 1989 1311 2020 I.
1333 1997 1361 2020 e.
1380 1998 1424 2020 m.
1447 1989 1608 2029 capitulo,
1625 1989 1786 2020 vassallis
1803 1990 1836 2020 et
1853 1989 2077 2029 suffraganeis
2092 1989 2172 2021 eccl.
2191 1990 2350 2022 Terraco-

737 2052 814 2074 nen.
831 2052 840 2079 3
857 2043 947 2074 clero
964 2044 996 2074 et
1014 2042 1140 2082 populo
1158 2042 1251 2074 civit.
1272 2043 1305 2073 et
1318 2042 1377 2079 di.;
1396 2041 1571 2082 Alphonso
1588 2043 1659 2082 regi
1677 2043 1885 2083 Aragonum.
1904 2042 1956 2082 (Α.
1982 2044 2034 2079 31,
2060 2043 2083 2074 f.
2103 2044 2162 2075 199
2179 2048 2211 2079 ²3
2240 2043 2275 2075 V.
2297 2045 2349 2081 87,

738 2102 790 2136 ep.
810 2098 917 2135 2962.)

786 2147 922 2181 42207.
940 2168 979 2173 -
999 2149 1175 2181 Raimundo
1191 2149 1229 2180 de
1245 2149 1334 2185 Bivo,
1350 2149 1467 2190 presb„
1485 2150 1595 2190 gratia
1608 2158 1703 2189 exsp.
1725 2158 1818 2190 perp.
1837 2150 2004 2190 portionis
2020 2151 2100 2182 eccl.
2115 2152 2155 2183 B.
2171 2151 2218 2183 Μ.
2233 2151 2275 2182 de
2289 2152 2362 2183 Be-v

738 2212 892 2240 navarre,
909 2204 1055 2235 llerden.
1074 2204 1133 2239 di.,
1154 2204 1188 2234 in
1205 2212 1272 2243 qua
1290 2205 1369 2234 sunt
1385 2203 1469 2235 certi
1491 2204 1646 2243 perpetui
1669 2204 1871 2243 portionarii
1894 2203 2087 2235 obtinentes
2103 2207 2214 2236 certas
2233 2213 2351 2246 perpe-

737 2259 814 2288 tuas
829 2257 1004 2297 portiones
1020 2266 1097 2288 cum
1112 2257 1215 2288 certis
1229 2256 1431 2293 redditibus,
1446 2269 1461 2286 «
1480 2257 1652 2288 excusatis
1671 2266 1687 2287 ))
1701 2257 1787 2288 inibi
1804 2258 2020 2297 nuncupatis,
2038 2259 2071 2289 et
2086 2258 2127 2290 de
2141 2259 2249 2299 ejusd.
2267 2258 2348 2290 eccl.

737 2311 958 2350 proventibus
974 2311 1058 2342 eisd.
1076 2311 1297 2350 portionariis
1316 2311 1485 2351 assignari
1500 2311 1626 2347 solitis,
1642 2311 1765 2350 pertin.
1786 2311 1828 2342 ad
1846 2311 1958 2342 collat.
1975 2311 2204 2343 archidiaconi
2220 2312 2348 2352 Rippa-

737 2365 859 2396 cursiae
876 2365 909 2395 in
927 2364 1007 2396 eccl.
1023 2364 1187 2401 Ilerden.;
1208 2373 1273 2395 non
1291 2364 1377 2396 obst.
1398 2364 1433 2395 in
1448 2365 1529 2396 eccl.
1548 2364 1582 2396 S.
1601 2364 1645 2395 M.
1662 2364 1702 2396 de
1721 2364 1820 2402 Guel,
1839 2365 1936 2396 dictae
1952 2365 2012 2402 di„
2031 2365 2177 2405 quadam
2193 2367 2350 2405 portione

737 2420 770 2449 et
787 2418 992 2458 quibusdam
1010 2418 1200 2449 redditibus
1219 2428 1234 2448 «
1254 2419 1426 2450 excusatis
1444 2428 1459 2449 »
1476 2419 1681 2458 nuncupatis
1698 2419 1750 2457 (12
1765 2418 1979 2458 lib.jaccen.)
1993 2437 2032 2441 —
2049 2419 2074 2450 I.
2097 2428 2125 2451 e.
2145 2429 2190 2450 m.
2211 2420 2348 2460 Majori-

738 2481 810 2503 cen.
834 2474 866 2503 et
883 2472 1029 2503 Ilerden.
1050 2472 1150 2511 ep-is,
1178 2481 1217 2502 ac
1249 2472 1398 2503 Arnaldo
1426 2472 1576 2512 Squerti,
1600 2481 1674 2503 can.
1702 2472 1896 2512 Majoricen.
1925 2474 1977 2511 (A.
2005 2475 2055 2510 31,
2075 2473 2097 2504 f.
2113 2474 2174 2505 256
2190 2478 2218 2511 ⁸;
2242 2474 2279 2506 V.
2296 2475 2347 2511 88,

738 2535 790 2565 ep.
808 2526 917 2565 3098.)

782 2576 922 2609 42208.
940 2597 978 2601 -
992 2578 1161 2620 Archiep.o
1176 2579 1336 2610 Treveren.
1350 2579 1475 2616 mand„
1491 2580 1532 2610 ad
1546 2579 1745 2611 instantiam
1757 2589 1790 2610 n.
1801 2588 1831 2609 v.
1843 2579 1979 2611 Gerlaci
1991 2580 2126 2611 comitis
2139 2581 2179 2612 de
2188 2581 2347 2620 Nasawe,
2367 2584 2369 2586 ’

737 2635 774 2664 ut
790 2633 1020 2673 parochialem
1038 2633 1119 2664 eccl.
1136 2633 1171 2664 in
1187 2633 1362 2672 Superiori
1381 2633 1569 2670 Lainstein‚
1588 2642 1658 2665 suae
1677 2633 1738 2670 di„
1756 2633 1853 2673 cujus
1867 2633 1924 2673 jus
1942 2635 2142 2673 patronatus
2161 2635 2204 2665 ad
2220 2635 2349 2666 dictum

738 2687 896 2718 comitem
914 2686 1070 2726 pertinet,
1091 2687 1187 2718 uniat
1213 2686 1400 2726 parochiali
1425 2686 1506 2717 eccl.
1529 2686 1566 2719 in
1590 2686 1844 2724 Edichenstein,
1863 2687 1904 2717 ad
1922 2696 2024 2726 quam
2041 2688 2114 2727 ipse
2132 2697 2245 2719 comes
2265 2688 2350 2728 gerit
2403 2692 2406 2698 '

736 2740 896 2780 specialis
910 2740 1102 2771 devotionis
1117 2741 1285 2776 affectum,
1302 2740 1400 2771 dictae
1416 2740 1475 2778 di„
1493 2742 1525 2771 et
1539 2741 1574 2771 in
1589 2749 1628 2771 ea
1640 2749 1700 2771 sex
1714 2740 1934 2781 presbyteros
1949 2741 2106 2772 instituat
2121 2741 2151 2772 si
2168 2741 2348 2773 facultates

737 2794 919 2829 sufficiant,
934 2794 1087 2834 alioquin
1101 2794 1268 2825 minorem
1283 2802 1465 2825 numerum
1477 2793 1603 2825 ibidem
1616 2794 1760 2825 ordinet.
1774 2794 1825 2834 (A.
1837 2795 1889 2830 31,
1903 2794 1925 2835 ξ.
1937 2796 1996 2825 425
2013 2800 2041 2832 ³;
2057 2795 2093 2826 V.
2107 2796 2158 2833 88,
2173 2804 2225 2835 ep.
2240 2797 2347 2834 3530.)

781 2845 918 2877 42209.
937 2865 978 2869 -
1000 2847 1098 2878 Viano
1115 2847 1271 2878 Albertim‘
1290 2856 1384 2887 prov.
1407 2856 1525 2878 canon.
1543 2849 1575 2878 et
1597 2847 1699 2887 praeb.
1729 2848 1810 2879 eccl.
1839 2848 2138 2886 Barchinonensis,
2153 2849 2348 2880 vacantium

736 2910 795 2941 per
822 2902 1090 2941 resignationem
1117 2901 1153 2932 in
1175 2900 1335 2932 manibus
1362 2902 1463 2940 Papae
1489 2901 1611 2932 factam
1641 2910 1659 2932 a
1679 2902 1853 2933 Bernardo
1869 2902 1909 2933 de
1925 2902 2116 2941 Rupeforti.
2138 2921 2175 2926 —
2197 2903 2235 2933 111
2252 2911 2281 2933 e.
2299 2911 2345 2934 m.

736 2955 842 2994 priori
858 2964 885 2987 s.
904 2956 1011 2987 Annae
1030 2955 1292 2992 Barchinonen„
1309 2956 1342 2986 et
1360 2955 1400 2986 de
1418 2955 1567 2994 Ripasili
1592 2955 1797 2993 Astoricen.,
1815 2964 1852 2986 ac
1872 2955 2088 2987 Muriveteris
2105 2956 2278 2987 Valentin.
2297 2965 2346 2987 ar-

735 3008 944 3040 chidiaconis
960 3008 1196 3040 ecclesiarum.
1214 3008 1266 3048 (V.
1281 3009 1333 3047 87,
1350 3018 1402 3049 ep.
1421 3009 1528 3048 2986.)
