2560 3476
197 427 302 454 Datum
321 420 507 455 Avenione.

198 527 217 554 5
232 528 326 562 (non.)
341 527 396 561 feb.
419 526 508 555 1328.

259 572 290 600 T.
313 572 359 605 XI,
380 571 452 599 XIII.

313 793 349 820 Ut
369 801 393 820 s.

263 837 295 865 T.
309 837 354 870 XI,
371 837 444 864 XIII.

311 1005 347 1033 Ut
369 1013 393 1032 s.

283 1050 314 1077 T.
335 1050 430 1077 XXVI.

317 1327 353 1355 Ut
367 1336 391 1355 s.

261 1372 293 1400 T.
310 1372 356 1406 xl,
372 1372 443 1399 XIII.

271 1634 273 1636 Ι
317 1648 354 1676 Ut
372 1657 398 1677 0.

267 1693 298 1720 Τ.
316 1693 362 1726 XI,
378 1693 450 1720 XIII.

317 1860 353 1887 Ut
369 1868 392 1887 s.

267 1905 298 1932 T.
316 1905 363 1938 XI,
379 1905 450 1932 XIII.

323 2127 359 2155 Ut
379 2136 403 2154 s.

268 2172 300 2199 Τ.
315 2172 361 2206 XI,
376 2171 450 2199 XIII.

322 2393 357 2421 Ut
374 2402 397 2421 s.

324 2767 359 2795 Ut
377 2776 400 2795 s.

270 2812 301 2839 T.
319 2812 365 2845 XI,
382 2812 455 2840 XIII.

573 333 747 366 JOANNIS
771 334 890 365 PAPAE
911 334 1014 364 XXII.
1038 336 1288 374 (1316-1334).
1313 353 1351 358 —·
1374 335 1560 365 LITTERAE
1583 335 1808 366 COMMUNES
2139 338 2197 369 163

643 522 780 555 40322.
796 542 835 547 -
851 524 983 565 Symoni
994 524 1031 554 de
1045 523 1238 560 Hubervilla,
1259 524 1331 555 cler.
1347 525 1558 556 Constantien.
1576 525 1631 564 di.,
1649 536 1728 566 may.
1748 526 1782 556 in
1797 526 1962 563 medicina,
1976 527 2085 567 gratia
2101 536 2197 568 exsp.

597 578 708 610 benef.
721 571 913 610 ecclesiast.
931 579 974 618 (0.
991 587 1019 608 0.
1038 579 1079 609 50
1099 578 1152 609 vel
1174 586 1202 608 c.
1223 579 1277 617 c.)‚
1304 578 1345 609 ad
1365 579 1432 618 ep.i
1450 581 1482 610 et
1503 580 1603 619 capit.
1620 579 1850 611 constantien.
1868 581 2051 619 provinciae
2069 580 2198 612 Rotho-

597 632 769 672 magensis
787 631 1048 671 dispositionem
1066 631 1201 670 pertin„
1220 631 1257 662 in
1273 631 1366 662 civit.
1384 632 1437 662 vel
1453 632 1498 663 di.
1518 633 1751 664 Constantien.
1775 650 1812 655 -
1836 633 1862 664 Ι.
1881 642 1909 664 0.
1927 642 1972 664 m.
1994 642 2021 665 s.
2043 634 2151 665 Laudi
2169 637 2201 666 et

597 687 637 717 B.
658 686 702 717 M.
718 684 957 724 Montisburgi,
988 684 1222 716 Constantien.
1254 685 1313 720 di.,
1335 685 1620 717 monasteriorum
1652 686 1844 724 abbatibus,
1869 695 1907 718 ac
1930 686 2066 718 Thomae
2096 687 2198 726 Galli,

598 748 670 770 can.
687 739 869 769 Abrincen.
886 738 939 778 (A.
958 739 1008 775 23,
1026 738 1048 768 f.
1067 739 1126 769 667
1142 743 1175 774 ⁸3
1201 737 1236 770 V.
1254 739 1305 773 85,
1324 746 1375 778 ep.
1393 740 1479 777 382.)

643 789 783 822 40323.
810 810 843 814 -
872 790 1035 822 Guillelmo
1065 790 1214 829 Arnaldi,
1245 795 1319 822 nato
1351 791 1508 822 Guillelmi
1538 791 1673 823 Arnaldi
1699 793 1889 834 Arqenterii,
1918 793 2055 825 collatio
2082 803 2200 826 canon.

599 846 663 877 sub
679 854 774 885 exsp.
791 845 894 884 praeb.
910 853 970 875 seu
981 845 1148 884 portionis
1166 845 1246 876 eccl.
1263 845 1490 876 Conseranen.
1505 863 1540 867 —
1555 846 1581 876 I.
1599 854 1628 877 e.
1648 855 1692 877 m.
1709 846 1930 884 Athanacen„
1942 847 2154 887 Lugdunen.,
2172 849 2205 879 et

599 900 770 935 Lesaten.,
797 898 918 929 Riven.
947 898 1008 934 di.,
1031 900 1175 930 monast.
1206 898 1397 936 abbatibus,
1426 907 1463 929 ac
1487 907 1590 938 praep.
1615 899 1695 930 eccl.
1726 900 1848 931 Riven.
1878 900 1928 938 (A.
1955 902 2006 936 29,
2033 901 2056 931 f.
2087 902 2148 932 569
2165 906 2178 922 ¹
2192 910 2202 937 ;

606 952 641 984 V.
658 954 709 989 85,
725 961 775 991 ep.
792 952 880 990 871.)

644 1002 781 1035 40324.
798 1023 837 1028 -
855 1005 939 1045 May.
965 1004 1127 1035 Bernardo
1151 1004 1317 1046 Stephani,
1339 1008 1402 1036 not.
1430 1004 1511 1042 PP.‚
1538 1005 1654 1036 archid.
1677 1006 1834 1046 Fiqiacen.
1856 1005 2034 1043 Caturcen„
2058 1011 2087 1037 et
2100 1007 2206 1037 abbati

599 1058 700 1090 saecul.
715 1058 903 1094 Dauraten„
921 1058 1111 1089 Lemovicen.
1128 1057 1186 1094 di.,
1205 1067 1240 1088 ac
1259 1057 1395 1089 Guidoni
1411 1057 1447 1088 de
1464 1058 1623 1094 Turribus,
1644 1059 1764 1088 cantori
1779 1059 1969 1090 Lemovicen.
1987 1059 2072 1097 eccl„
2092 1061 2204 1091 mand.

600 1121 660 1152 pro
677 1112 788 1143 collat.
807 1112 978 1143 Bernardo
994 1112 1149 1151 Nepotis,
1166 1111 1247 1142 cler.
1268 1111 1482 1143 Lemovicen.
1504 1112 1563 1149 di.,
1580 1112 1715 1151 paroch.
1734 1113 1814 1143 eccl.
1834 1121 1860 1144 s.
1879 1113 1972 1144 Petri
1988 1113 2028 1144 de
2042 1114 2128 1150 Fita,
2146 1114 2206 1145 Ri-

600 1174 675 1197 ven.
689 1165 749 1200 di.,
761 1165 803 1196 ad
820 1165 889 1205 ep.i
906 1165 1028 1197 Riven.
1045 1165 1310 1202 institutionem,
1323 1166 1356 1196 et
1368 1165 1435 1204 ep.i
1449 1165 1686 1196 Convenarum
1703 1174 1740 1196 ac
1755 1166 1856 1205 capit.
1876 1166 1956 1197 eccl.
1969 1175 1997 1197 0.
2013 1166 2207 1202 Gaudentii,

601 1219 837 1251 Convenarum
861 1217 920 1255 di.,
938 1219 1236 1258 praesentationem
1259 1220 1378 1258 spect„
1401 1227 1463 1258 per
1488 1219 1623 1258 lapsum
1641 1219 1818 1250 semestris
1838 1220 2003 1259 temporis
2024 1221 2056 1251 et
2073 1221 2209 1260 propter

601 1273 797 1303 diuturnam
812 1272 1022 1303 vacationem
1035 1272 1201 1303 devolutae
1216 1271 1251 1303 S.
1272 1273 1310 1303 A.
1328 1271 1382 1312 (A.
1401 1273 1453 1307 29,
1469 1271 1492 1302 f.
1508 1273 1567 1303 576
1583 1271 1612 1308 1’;
1636 1271 1671 1303 V.
1685 1273 1737 1309 85,
1754 1281 1806 1312 ep.
1824 1272 1908 1312 876.)

645 1323 781 1355 40325.
801 1343 836 1347 -
856 1325 1017 1366 Stephano
1034 1325 1070 1356 de
1093 1326 1246 1366 Maqnaco
1267 1325 1379 1356 collat.
1400 1334 1516 1357 canon.
1537 1325 1600 1356 sub
1615 1334 1708 1365 exsp.
1729 1325 1831 1365 praeb.
1849 1326 1930 1357 0001.
1947 1327 2125 1366 Bajocen.;
2144 1335 2210 1358 non

601 1379 689 1411 obst.
704 1380 738 1410 in
754 1379 900 1410 Melden.
918 1388 1034 1410 canon.
1053 1379 1116 1410 sub
1133 1387 1228 1419 exsp.
1246 1378 1349 1419 praeb.
1369 1380 1402 1410 et
1428 1379 1462 1410 in
1478 1379 1650 1411 VivarIen.
1672 1388 1791 1410 canon.
1813 1381 1846 1410 et
1866 1379 2033 1419 portione,
2059 1381 2159 1419 atque
2175 1380 2210 1411 in

601 1434 641 1464 de
659 1442 686 1464 0.
705 1433 865 1470 Juniano,
881 1433 1093 1464 Lemovicen.
1112 1433 1171 1469 di.,
1190 1433 1270 1464 0001.
1289 1441 1407 1463 canon.
1425 1434 1458 1464 et
1477 1432 1581 1472 praeb.
1599 1434 1632 1464 et
1655 1432 1861 1472 archipresb.
1879 1442 1906 1464 s.
1924 1434 2064 1464 Juniani
2081 1434 2135 1464 cui
2152 1442 2211 1473 pa—

602 1487 762 1518 rochialis
779 1486 860 1517 eccl.
876 1487 917 1517 de
934 1486 1083 1526 Brigolio
1097 1486 1193 1517 dictae
1209 1486 1253 1517 di.
1272 1488 1323 1518 est
1341 1495 1483 1518 annexa.
1501 1504 1539 1508 —
1552 1486 1578 1518 I.
1597 1495 1626 1517 e.
1643 1495 1687 1517 m.
1706 1486 1820 1517 abbati
1839 1489 1983 1518 monast.
2002 1495 2029 1517 s.
2049 1487 2212 1527 Stephani

604 1540 644 1571 de
661 1540 821 1577 Cadomo,
835 1541 866 1571 et
882 1539 990 1579 priori
1005 1540 1044 1570 de
1061 1548 1089 1570 s.
1101 1540 1227 1580 Vigore
1240 1540 1338 1579 Juxta
1351 1539 1504 1579 Bajocas,
1523 1540 1622 1579 atque
1636 1539 1763 1571 archid.
1776 1539 1922 1571 Melden.
1936 1540 1989 1578 (A.
2004 1540 2054 1575 29,
2070 1540 2092 1571 f.
2106 1542 2163 1571 611
2179 1545 2210 1577 ¹3

608 1593 642 1624 V.
661 1595 712 1630 85,
730 1602 782 1633 ep.
801 1595 887 1631 936.)
1961 1623 1966 1632 ,

648 1644 787 1677 40326.
814 1665 852 1670 -
880 1647 1043 1678 Bernardo
1072 1647 1198 1677 Roberti
1223 1647 1259 1677 de
1287 1647 1469 1677 Marsannes
1494 1647 1608 1679 collat.
1640 1655 1758 1678 canon.
1785 1646 1849 1677 sub
1876 1655 1973 1687 exsp.
1998 1647 2102 1687 praeb.
2130 1648 2209 1679 0001.

604 1710 631 1732 0.
651 1701 836 1732 Frontonis
858 1701 1122 1740 Petragoricen„
1142 1701 1271 1732 consid.
1293 1701 1432 1732 Roberti
1455 1701 1546 1740 regis
1570 1701 1705 1731 Siciliae.
1732 1717 1770 1721 —
1794 1701 1820 1731 Ι.
1839 1709 1867 1732 0.
1889 1709 1933 1731 m.
1958 1701 2035 1731 abb.
2062 1702 2209 1732 monast.

604 1763 632 1785 s.
650 1754 808 1789 Amandi,
826 1754 992 1785 Sarlaten.
1019 1753 1076 1790 di.,
1107 1755 1139 1784 et
1170 1754 1308 1791 archid„
1329 1763 1367 1785 ac
1385 1754 1514 1785 cantori
1539 1754 1620 1784 0001.
1647 1754 1897 1793 Petragoricen.
1917 1753 1969 1792 (A.
1989 1755 2040 1791 29,
2057 1754 2080 1785 f.
2098 1755 2157 1786 623
2177 1754 2210 1790 ¹³;

609 1807 646 1838 V.
662 1808 712 1844 86,
729 1816 781 1846 ep.
800 1808 906 1845 1018.)

649 1857 787 1890 40327.
804 1878 843 1882 —
858 1860 952 1890 Petro
971 1859 1148 1898 Alamanni,
1165 1860 1198 1890 in
1213 1864 1343 1900 utroque
1351 1859 1427 1900 jure
1441 1859 1611 1897 licentiato,
1628 1860 1764 1891 collatio
1779 1868 1896 1891 canon.
1916 1860 1979 1890 sub
1993 1869 2088 1900 exsp.
2105 1860 2208 1900 praeb.

605 1914 686 1945 0001.
705 1914 977 1950 Claromonten.;
995 1922 1062 1944 non
1076 1913 1163 1944 obst.
1183 1922 1300 1944 canon.
1319 1915 1350 1944 et
1372 1913 1474 1953 praeb.
1493 1914 1528 1944 in
1552 1914 1632 1945 eccl.
1651 1922 1678 1944 s.
1697 1913 1791 1944 Petri
1808 1913 2078 1949 Claromonten.;
2098 1913 2210 1945 chora-

607 1967 691 1998 riam
708 1968 821 2002 autem
836 1966 943 2006 eJusd.
961 1966 1039 1998 eccl.
1061 1966 1233 1998 dimittere
1251 1967 1398 1998 tenetur.
1419 1984 1458 1989 -—
1471 1967 1499 1998 Ι.
1519 1975 1547 1998 e.
1569 1976 1614 1998 m.
1635 1966 1746 1998 abbati
1763 1967 1876 1997 saecul.
1896 1975 1924 1997 0.
1941 1966 2079 1998 Genesii
2097 1967 2210 1998 Claro-

604 2022 768 2057 momen„
785 2021 817 2051 et
832 2028 934 2059 praep.
949 2020 1176 2057 Vertasionis,
1193 2020 1444 2051 Claromonten.
1461 2020 1521 2058 di.,
1540 2021 1639 2060 atque
1656 2020 1782 2051 archid.
1799 2020 1966 2051 Parisien.
1984 2020 2063 2051 eccl.
2084 2020 2139 2060 (A.
2158 2021 2209 2058 30,

605 2073 627 2105 f.
650 2075 669 2105 9
685 2078 712 2111 ἢ
738 2073 774 2104 V.
790 2074 841 2109 86,
859 2082 911 2112 ep.
931 2074 1035 2111 1084.)
1293 2099 1297 2105 .

652 2124 791 2157 40328.
812 2144 850 2150 -
866 2127 984 2158 Joanm'
1006 2126 1197 2165 Cascellarii‚
1216 2126 1314 2167 presb.
1334 2127 1465 2158 Melden.
1492 2127 1548 2166 di.,
1573 2128 1680 2167 gratia
1705 2136 1800 2167 exsp.
1824 2127 1935 2159 benef.
1961 2128 2149 2159 ecclesiast.
2169 2129 2210 2167 (0.

605 2190 632 2212 c.
652 2182 691 2212 60
709 2181 762 2212 vel
779 2189 807 2211 s.
823 2189 851 2212 0.
869 2183 908 2212 30
925 2181 947 2212 l.
965 2182 1014 2219 t.),
1032 2181 1073 2212 ad
1091 2181 1158 2220 ep.i
1188 2182 1220 2212 et
1244 2181 1343 2220 capit.
1368 2181 1593 2212 Silvanecten.
1618 2181 1837 2220 pertinentis;
1872 2190 1939 2212 non
1961 2181 2048 2213 obst.
2067 2182 2212 2221 quadam

606 2234 734 2274 capella
750 2234 784 2265 in
802 2236 913 2265 castro
929 2235 969 2266 de
985 2234 1117 2272 Tercio,
1134 2235 1358 2266 Silvanecten.
1377 2235 1422 2265 di.
1442 2235 1514 2266 -Ι,
1534 2244 1563 2266 0.
1577 2243 1623 2265 m.
1641 2234 1753 2265 abbati
1768 2236 1912 2265 monast.
1926 2236 1963 2266 B.
1982 2235 2026 2266 M.
2044 2235 2083 2266 de
2102 2235 2214 2266 Victo-

605 2288 668 2324 ria,
686 2289 719 2319 et
734 2288 840 2327 priori
864 2297 891 2319 s.
913 2288 1095 2327 Arnulphi,
1114 2288 1338 2320 Silvanecten.
1357 2288 1416 2325 di.,
1439 2297 1476 2319 ac
1503 2288 1641 2319 Thomae
1662 2288 1763 2325 Galli,
1794 2297 1866 2319 can.
1886 2288 2067 2319 Abrincen.
2088 2289 2140 2326 (A.
2159 2289 2210 2326 30,

604 2341 628 2372 f.
645 2342 665 2372 9
685 2341 716 2377 Ι>;
741 2341 777 2372 V.
802 2342 852 2379 86,
872 2350 925 2381 ep.
944 2343 1049 2381 1102.)

650 2391 788 2424 40329.
809 2413 848 2417 -
864 2394 1048 2431 Guillermo,
1063 2399 1136 2425 nato
1148 2394 1278 2425 Caesarii
1291 2394 1445 2436 Cappulae
1458 2395 1495 2425 de
1512 2394 1644 2426 Salerno
1661 2395 1780 2434 militis,
1798 2395 1906 2435 gratia
1924 2404 2020 2435 exsp.
2038 2395 2140 2426 unius
2159 2395 2213 2426 vel

605 2448 748 2479 alterius
763 2448 874 2479 benef.
895 2449 1082 2480 ecclesiast.
1096 2450 1148 2488 (50
1161 2457 1237 2480 unc.
1258 2449 1357 2487 auri),
1376 2449 1417 2480 ad
1435 2449 1503 2489 ep.i
1516 2450 1638 2480 Nolan.
1658 2449 1914 2489 dispositionem
1927 2449 2062 2487 pertin„
2079 2449 2212 2479 etIamsi

605 2501 750 2532 alterum
769 2511 884 2533 curam
895 2502 1015 2533 habeat
1029 2503 1219 2534 animarum
1232 2502 1266 2533 in
1280 2503 1373 2533 civit.
1390 2503 1444 2533 vel
1459 2503 1505 2533 di.
1523 2503 1644 2534 Nolan.
1661 2504 1693 2533 et
1709 2511 1775 2533 non
1791 2502 1878 2533 obst.
1893 2502 1927 2532 in
1944 2502 2086 2533 ecclesia
2101 2502 2211 2532 Saler-

606 2554 722 2586 nitana
744 2554 908 2586 beneficio
936 2555 1137 2590 ecclesiast,
1166 2555 1327 2587 clericatu
1357 2556 1485 2587 ibidem
1511 2557 1716 2595 nuncupato,
1746 2557 1846 2594 atque
1872 2555 1952 2586 eccl.
1982 2564 2009 2585 s.
2038 2554 2146 2585 Blasii
2172 2555 2212 2584 de

605 2608 753 2640 Nuceria
770 2608 1054 2644 Christianorum,
1069 2609 1274 2641 Salernitan.
1291 2609 1350 2644 di.,
1367 2609 1509 2640 insimul
1526 2609 1631 2640 unitis
1650 2610 1679 2647 (4
1694 2609 1766 2640 flor.
1785 2609 1883 2647 auri).
1905 2625 1944 2630 —
1958 2609 1984 2638 Ι.
1998 2617 2026 2639 e.
2045 2617 2089 2638 m.
2108 2608 2212 2638 Aver-

607 2671 680 2693 san.
698 2663 730 2693 et
748 2662 901 2693 Calinen.
919 2662 1102 2702 episcopis,
1127 2671 1165 2693 ac
1188 2671 1276 2702 mag.
1297 2662 1486 2694 Guillermo
1512 2663 1551 2693 de
1578 2663 1700 2694 Sancto
1723 2662 1871 2696 Victore,
1895 2661 2038 2700 archipr.
2065 2662 2143 2692 eccl.
2173 2660 2213 2691 de

607 2724 635 2745 s.
658 2715 840 2753 Germano,
858 2716 1035 2747 Cassinen.
1053 2716 1114 2753 di.,
1131 2724 1203 2755 cap.
1223 2716 1291 2747 PP.
1311 2716 1361 2754 (A.
1380 2717 1432 2751 30,
1451 2715 1474 2746 f.
1490 2717 1530 2747 28
1546 2721 1573 2753 ⁸3
1598 2714 1630 2745 V.
1650 2717 1700 2753 86,
1719 2724 1770 2754 ep.
1790 2716 1894 2753 1163.)

653 2763 788 2797 40330.
805 2786 846 2791 -
861 2768 996 2799 Guidom'
1013 2768 1048 2798 de
1068 2768 1219 2799 Turribus
1236 2769 1349 2800 collat.
1372 2778 1490 2799 canon.
1511 2770 1543 2800 et
1555 2769 1658 2808 praeb.
1674 2768 1754 2799 0001.
1772 2768 1983 2803 Laudunen.,
2000 2775 2059 2805 per
2079 2774 2211 2805 promo-

607 2821 734 2852 tionem
753 2822 995 2861 Tbalayrandi,
1012 2821 1097 2852 alias
1117 2822 1199 2853 dicti
1217 2822 1337 2859 Heliae,
1356 2822 1397 2853 ad
1413 2822 1646 2861 episcopatum
1662 2821 1915 2852 Autisiodoren.
1935 2821 1987 2859 ap.
2007 2820 2040 2850 S.
2058 2819 2096 2850 A.
2121 2828 2213 2856 vac.;

609 2883 676 2905 non
700 2875 785 2905 obst.
805 2875 840 2905 in
866 2875 1080 2906 Lemovicen.
1104 2876 1137 2906 et
1157 2884 1186 2906 0.
1209 2875 1327 2906 Aredii
1349 2875 1428 2906 eccl.
1452 2874 1706 2906 canonicatibus
1731 2876 1764 2904 et
1789 2873 1903 2912 praeb.,
1922 2874 2021 2911 atque
2043 2872 2077 2902 in
2096 2872 2211 2903 eadem

609 2927 824 2958 Lemovicen.
842 2928 993 2959 cantoria
1011 2937 1049 2958 ac
1062 2928 1214 2967 pri0ratu
1233 2929 1274 2959 de
1291 2929 1436 2963 Bonac0‚
1454 2929 1486 2959 et
1503 2936 1530 2958 s.
1548 2927 1735 2959 Salvatoris
1752 2928 1784 2957 et
1801 2926 1840 2956 de
1858 2926 1995 2965 Clergor
2012 2926 2212 2965 praepositu-

610 2980 671 3017 ris,
685 2980 724 3012 Ο.
746 2981 780 3012 S.
799 2981 849 3016 Β.,
866 2981 963 3011 dictae
982 2981 1197 3012 Lemovicen.
1218 2981 1277 3016 di.,
1299 2989 1373 3020 quae
1388 2989 1448 3011 nec
1463 2980 1643 3020 dignitates
1659 2988 1719 3010 nec
1740 2980 1952 3018 personatus,
1969 2979 2026 3009 sed
2043 2979 2214 3018 simplicia

610 3032 774 3064 beneficia
788 3034 821 3064 et
839 3042 866 3064 0.
883 3043 911 3066 0.
931 3034 1092 3065 existunt.
1111 3051 1146 3055 —
1162 3035 1190 3065 Ι.
1207 3043 1236 3065 0.
1249 3043 1294 3065 m.
1312 3043 1339 3065 s.
1359 3033 1468 3072 Sergii
1486 3041 1588 3072 prope
1603 3041 1719 3063 muros
1735 3032 1948 3071 Andegaven.
1964 3033 2037 3062 ets.
2054 3032 2212 3068 Amandi,
