2560 3476
297 306 357 336 390
414 301 668 334 A-PPENDICES
691 301 747 332 AD
770 300 1041 332 DUODEOEMUM
1064 301 1261 332 BULLARII
1282 300 1457 332 JOANNIS
1480 300 1600 332 PAPAE
1623 299 1713 332 xxii
1735 300 1896 333 ANNUM.
1919 319 1959 325 -
1980 302 2219 344 (mm-1³³4)

311 495 361 522 Die
379 494 516 522 dominico
532 492 569 520 21
591 500 657 526 aua.

302 539 393 573 1328,
414 538 473 566 ind.
493 536 586 565 >ll-28
605 545 670 572 auo.

299 654 339 682 25
353 662 421 688 aug.
439 652 528 685 1328,
544 652 605 681 ind.
623 651 671 681 xl.

445 759 482 787 Ut
502 766 526 788 s.

444 864 482 893 Ut
502 873 527 892 fl.

444 971 482 999 Ut
502 979 528 1000 s.

447 1078 483 1106 Ut
503 1086 527 1105 s.

448 1184 485 1213 Ut
501 1191 526 1213 ³.
541 1195 544 1198 ·

302 1295 351 1322 Die
359 1294 436 1328 Jovis
448 1292 487 1320 25
500 1300 566 1326 auq.
584 1291 674 1326 1328,

355 1338 416 1368 ind.
437 1338 484 1370 XI,
501 1338 532 1364 in
551 1339 622 1371 sesto

363 1390 386 1412 s.
407 1383 613 1411 Bartholomaei.

448 1453 485 1481 Ut
503 1461 527 1480 s.

449 1556 484 1584 Ut
501 1564 525 1583 s.

452 1663 487 1691 Ut
508 1671 531 1690 s.

337 1771 436 1799 25-28
456 1778 520 1805 any.
543 1770 632 1804 1328,

418 1815 480 1844 ind.
500 1814 559 1842 Xl·.

302 1984 341 2012 26
358 1992 424 2019 (ηις.
445 1983 533 2016 1328,
549 1983 609 2012 ind.
626 1984 673 2012 XI.

301 2092 339 2120 28
356 2100 422 2126 auq.
443 2092 531 2124 4328,
547 2091 607 2121 ind.
627 2091 673 2120 ΧΙ.

453 2199 488 2227 Ut
504 2208 527 2227 s.

456 2306 491 2333 Ut
511 2314 534 2333 s,

453 2413 487 2440 Ut
504 2422 528 2440 s.

453 2519 489 2547 Ut
509 2528 534 2547 s.

453 2679 489 2707 Ut
505 2688 528 2706 s.

450 2787 486 2814 Ut
511 2795 535 2815 s·

453 2893 487 2920 Ut
507 2901 530 2920 s.

776 490 913 522 42446.
930 510 968 514 -
985 493 1071 524 Item
1089 493 1123 523 in
1141 493 1286 524 ecclesia
1298 493 1340 525 O.
1360 493 1398 524 F.
1415 493 1461 524 Μ.
1481 492 1583 524 castri
1599 493 1729 524 Fractae
1744 491 1894 524 filiorum
1909 492 2043 532 Uberti,
2064 493 2285 535 Eugubin.di.
2304 513 2344 520 —

731 546 816 578 Item
833 547 868 577 in
888 546 967 578 eccl.
986 546 1155 578 canonioae
1169 546 1252 578 dicti
1267 547 1382 578 castri.
1399 563 1438 569 —
1452 546 1550 584 Item,
1571 545 1625 577 die
1641 547 1681 577 28
1696 545 1845 586 augusti,
1861 545 1898 577 in
1913 545 2057 578 ecclesia
2073 546 2114 580 O.
2131 547 2170 580 F.
2187 548 2227 580 P.
2245 549 2280 580 in
2297 549 2343 581 oi-

731 599 835 630 vitate
853 599 1042 640 Eugubina.
1063 599 1224 638 (Armario
1243 598 1279 636 C,
1298 608 1331 630 n.
1349 600 1410 631 953
1429 599 1601 638 (Armario
1618 598 1655 636 G,
1674 599 1756 630 fasc.
1773 599 1825 635 63,
1840 607 1874 630 n.
1890 599 1954 638 2·);
1970 600 2163 642 perqamen).

776 649 915 682 42447.
935 671 973 676 -
992 653 1078 684 Item
1104 653 1140 683 in
1160 652 1240 684 eccl.
1261 652 1329 684 loci
1350 653 1388 684 F.
1415 652 1454 684 Ο.
1480 652 1527 684 Μ.
1553 652 1594 683 de
1619 652 1741 683 Fracta
1766 652 1917 683 filiorum
1941 652 2074 689 Uberti,
2097 653 2268 695 Eugubin.
2294 654 2342 688 di.

732 706 893 746 (Ar-mario
913 705 949 742 C,
970 715 1003 737 n.
1018 707 1079 738 957
1096 706 1270 747 (Armario
1288 706 1325 743 C,
1343 705 1425 738 fasc.
1442 707 1493 744 63,
1513 714 1545 737 n.
1562 707 1628 745 6·);
1644 715 1814 747 pergamen
1826 715 1974 746 paruum,
1990 710 2020 737 et
2033 707 2203 748 strictum.)

777 756 915 789 42448.
932 778 973 784 -
987 759 1076 791 Item
1091 760 1127 790 in
1144 759 1290 791 ecclesia
1303 768 1331 790 s.
1349 759 1473 800 Angeli
1489 759 1530 791 de
1548 759 1716 791 Mevania.
1736 758 1898 798 (Ar-mario
1920 759 1956 797 C,
1974 768 2007 791 n.
2027 761 2088 793 965
2107 761 2279 800 (Armario
2305 761 2342 800 C,

733 813 814 845 fasc.
829 815 880 851 63,
898 822 931 845 n.
952 814 1000 852 11)
1009 823 1018 850 ;
1032 823 1202 855 peryamen
1216 812 1351 855 lonqum,
1367 812 1420 844 sed
1434 812 1602 853 strictum.)

777 863 916 897 42449,
939 884 981 890 -
1006 867 1094 898 Item
1111 867 1146 897 in
1168 866 1248 898 ecel.
1269 875 1297 897 s.
1322 867 1466 898 Andreae
1490 867 1531 898 de
1553 866 1678 906 Spello.
1703 865 1866 906 (Armario
1892 865 1927 903 C,
1954 875 1987 899 n.
2017 868 2078 900 967
2105 867 2277 908 (Armario
2303 867 2343 906 C,

734 920 815 952 fasc.
833 922 884 958 63,
903 929 937 951 n.
957 921 1007 959 13)
1016 930 1026 957 ;
1039 930 1212 962 peryamen
1224 921 1384 961 parvum.)
2268 920 2275 926 '

778 971 918 1004 42450.
941 991 979 997 -
994 973 1080 1005 Item
1096 974 1132 1004 in
1149 973 1293 1005 ecclesia
1309 974 1348 1005 Ο.
1367 974 1406 1005 F.
1428 974 1465 1004 P.
1490 973 1555 1004 loci
1576 972 1717 1013 Spoleti.
1744 973 1904 1012 (Armario
1923 972 1958 1012 C,
1976 982 2011 1005 n.
2034 975 2095 1006 990
2118 973 2291 1014 (Armario
2305 974 2344 1013 C,

734 1026 816 1059 fasc.
833 1030 884 1065 63,
901 1036 933 1058 n.
949 1027 1001 1068 29)
1011 1038 1019 1064 ;
1034 1037 1204 1069 perqamen
1220 1026 1357 1068 lonqum,
1371 1027 1426 1058 sed
1440 1027 1605 1066 strictum.)

779 1078 918 1111 42451.
936 1098 974 1103 -
989 1081 1076 1112 Item
1088 1081 1122 1111 in
1135 1081 1280 1112 ecclesia
1291 1081 1328 1112 O.
1344 1081 1383 1112 F.
1397 1080 1443 1112 M.
1459 1080 1600 1120 Spoleti.
1612 1080 1773 1119 (Amano
1788 1080 1823 1118 C,
1836 1090 1868 1112 n.
1883 1082 1943 1113 968
1958 1080 2129 1120 (Armario
2140 1081 2178 1116 C,
2194 1081 2277 1113 fasc.
2292 1081 2345 1120 63,

733 1142 766 1165 n.
787 1136 857 1171 14);
872 1144 1041 1175 pergamen
1054 1133 1189 1175 lonqum,
1206 1133 1259 1165 sed
1272 1134 1440 1175 strictum.)
1966 1176 1968 1178 ³

779 1184 916 1217 42452.
935 1205 973 1210 -
990 1188 1077 1219 Item
1095 1188 1129 1218 in
1148 1187 1293 1219 ecclesia
1316 1197 1343 1219 s.
1368 1187 1476 1219 Clarae
1499 1187 1650 1219 civitatis
1669 1187 1807 1219 Assisii.
1834 1187 1996 1228 (Armario
2023 1187 2059 1226 G,
2077 1196 2111 1220 n.
2137 1188 2199 1219 982
2214 1187 2349 1229 (Arma-

734 1241 785 1272 rio
800 1241 837 1278 C,
856 1241 936 1272 fasc.
957 1242 1011 1280 63,
1028 1250 1061 1272 n.
1080 1242 1117 1272 16
1133 1240 1179 1280 ι));
1193 1250 1364 1282 perqamen
1380 1241 1515 1282 lonqum,
1529 1241 1583 1272 sed
1596 1241 1764 1281 strictum.)

778 1292 915 1324 42453.
937 1313 978 1318 -
1002 1294 1089 1326 Item
1105 1295 1140 1326 in
1157 1294 1236 1326 eccl.
1257 1303 1284 1326 S.
1305 1295 1476 1332 silvestri,
1499 1295 1533 1326 S.
1553 1295 1597 1326 M.
1623 1295 1663 1326 de
1681 1294 1879 1333 Laurentio,
1897 1303 1925 1326 s.
1941 1294 2116 1327 vincentii
2131 1295 2165 1327 et
2184 1294 2219 1328 S.
2240 1295 2286 1327 M.
2305 1295 2347 1328 de

734 1349 874 1384 Pisulis,
889 1350 989 1379 terrae
1003 1348 1180 1386 Mevaniae,
1199 1348 1390 1388 Spoletanae
1405 1348 1451 1379 di.
1471 1348 1633 1387 (Armario
1656 1347 1691 1385 C,
1708 1357 1741 1380 n.
1757 1349 1817 1380 962
1835 1348 2007 1387 (Armario
2021 1348 2059 1386 C,
2075 1348 2157 1380 fasc.
2174 1349 2226 1385 63,
2243 1357 2276 1380 n.
2293 1348 2328 1390 9)
2335 1357 2347 1387 3

730 1403 924 1444 perqamen.)

779 1452 918 1485 42454.
943 1472 985 1478 -
1007 1455 1094 1487 Item
1110 1455 1144 1486 in
1161 1454 1242 1486 eccl.
1264 1464 1292 1486 s.
1315 1455 1492 1486 Laurentii
1512 1455 1552 1486 de
1570 1455 1695 1496 Spello.
1715 1455 1876 1494 (Armario
1899 1455 1934 1493 C,
1959 1464 1993 1487 n.
2019 1457 2081 1488 977
2108 1455 2282 1495 (Ax-mario
2307 1455 2346 1494 C.

735 1510 817 1540 fasc.
834 1510 885 1545 63,
905 1518 937 1540 n.
955 1509 1009 1549 20)
1015 1518 1024 1545 3
1040 1518 1209 1549 perqamen
1226 1509 1387 1550 parvum.)

779 1560 919 1592 42455.
939 1579 978 1584 -
994 1562 1079 1593 Item
1095 1562 1131 1593 in
1149 1562 1222 1593 loco
1245 1562 1285 1594 Ο.
1314 1562 1352 1593 F.
1376 1562 1421 1593 M.
1447 1563 1489 1593 de
1513 1562 1692 1602 Fulgineo.
1717 1561 1877 1601 (Ar-mario
1906 1561 1942 1600 C,
1962 1570 1996 1594 n.
2024 1563 2085 1594 970
2111 1561 2283 1602 (Armario
2308 1562 2347 1601 C,

734 1616 816 1647 fasc.
833 1617 885 1653 63,
903 1625 935 1647 n.
953 1617 990 1647 15
1013 1617 1038 1654 Β)
1050 1625 1059 1653 ;
1072 1625 1240 1657 perqamen
1258 1615 1396 1656 lonqum,
1411 1615 1465 1646 sed
1478 1615 1644 1656 strictum.)

779 1666 919 1699 42456.
946 1687 987 1692 -
1014 1669 1101 1700 Item
1119 1669 1155 1700 in
1171 1669 1317 1700 ecclesia
1338 1669 1371 1700 S.
1402 1669 1447 1700 M.
1477 1669 1562 1699 foris
1578 1670 1713 1708 portam
1737 1669 1778 1700 de
1798 1669 1976 1709 Fulgineo.
2000 1669 2160 1709 (Armario
2181 1668 2218 1708 C,
2237 1678 2270 1701 n.
2287 1670 2347 1702 973

735 1723 907 1762 (Armario
925 1723 961 1762 C,
980 1723 1063 1753 fasc.
1082 1724 1133 1760 63,
1150 1731 1182 1753 n.
1203 1723 1255 1762 17)
1262 1731 1271 1759 ;
1287 1731 1455 1762 perqamen
1472 1721 1610 1762 longum,
1627 1721 1680 1752 sed
1694 1722 1861 1761 strictum.)

779 1773 916 1806 42457.
933 1794 971 1799 —
989 1775 1075 1806 Item
1092 1775 1125 1806 in
1141 1775 1261 1815 majori
1278 1775 1464 1815 Eugubin.‚
1481 1775 1516 1806 in
1534 1775 1615 1806 eccl.
1633 1777 1778 1807 monast.
1796 1776 1832 1808 S.
1847 1775 1891 1807 M.
1907 1776 1949 1807 de
1962 1775 2086 1807 Alfiolo
2099 1775 2269 1816 Eugubin.
2286 1776 2346 1813 di..

734 1830 768 1861 in
783 1830 927 1861 ecelesia
943 1829 1143 1860 monasterii
1159 1838 1186 1860 s.
1207 1829 1299 1860 Petri
1315 1829 1355 1860 de
1373 1829 1541 1869 Eugubio‚
1558 1828 1593 1860 in
1609 1829 1754 1860 ecclesia
1769 1829 2010 1860 monasteriis.
2028 1829 2220 1861 verecundi
2235 1829 2349 1870 Inpis-

734 1884 795 1921 εἰς,
825 1883 977 1923 ejusdem
1003 1882 1172 1913 dioecesis.
1195 1882 1356 1922 (Armario
1383 1881 1417 1918 C,
1441 1890 1474 1914 n.
1500 1883 1560 1913 954
1585 1882 1755 1921 (ArmarIO
1780 1883 1817 1918 C,
1845 1882 1929 1914 fasc.
1952 1883 2004 1918 63,
2027 1891 2062 1914 n.
2083 1884 2156 1922 ³·);
2180 1891 2348 1924 perqamen

736 1937 889 1978 longum.)

782 1987 919 2020 42458.
937 2009 976 2014 -
994 1990 1080 2021 Item
1098 1990 1133 2020 in
1153 1990 1265 2020 castro
1288 1989 1415 2020 Trevii.
1435 1989 1596 2029 (Ar-mario
1612 1988 1648 2027 C,
1667 1998 1699 2020 n.
1718 1990 1778 2021 975
1800 1989 1971 2029 (Armario
1988 1989 2025 2026 C.
2047 1988 2129 2022 fasc.
2153 1990 2204 2026 63,
2223 1998 2256 2021 n.
2279 1991 2330 2030 16)
2337 1999 2347 2028 3

733 2053 903 2085 pergamen
920 2043 1058 2083 lonqum,
1075 2042 1129 2073 sed
1146 2043 1300 2080 strictum,
1319 2042 1550 2084 aliquantulum
1568 2041 1742 2083 illeqibile.)

781 2094 918 2126 42459.
937 2115 974 2119 -
992 2098 1077 2128 Item
1096 2097 1130 2127 in
1147 2096 1291 2127 eeclesia
1307 2097 1341 2128 S.
1367 2096 1412 2127 M.
1432 2095 1642 2136 Angelorum
1660 2096 1811 2127 civitatis
1826 2095 2107 2127 Assisinatensis.
2128 2096 2287 2135 (Arman'o
2310 2096 2348 2135 C,

736 2160 767 2182 n.
786 2152 846 2182 980
863 2150 1035 2190 (Ax-mario
1052 2151 1089 2187 C,
1107 2149 1190 2182 fasc.
1207 2151 1258 2187 63,
1276 2159 1308 2180 n.
1325 2151 1363 2181 16
1380 2151 1421 2188 ι);
1435 2159 1606 2191 perqamen
1619 2148 1756 2190 longum,
1770 2148 1823 2180 sed
1836 2149 2004 2188 strictum.)

780 2201 918 2234 42460.
942 2221 983 2227 ——
1006 2204 1091 2235 Item
1108 2204 1143 2234 in
1159 2204 1303 2235 ecclesia
1322 2212 1350 2234 s.
1370 2203 1547 2234 Francisci
1565 2204 1605 2236 Ο.
1626 2204 1664 2235 F.
1693 2203 1738 2235 M.
1757 2203 1798 2234 de
1815 2203 1973 2235 Nuceria.
1992 2203 2151 2242 (Armario
2176 2203 2212 2241 C,
2228 2212 2262 2234 n.
2288 2204 2348 2236 986

736 2257 908 2296 (Armario
924 2257 960 2294 C,
981 2257 1062 2288 fasc.
1079 2258 1131 2295 63,
1148 2266 1181 2287 11.
1197 2257 1245 2296 5);
1258 2266 1429 2298 pergamen
1442 2256 1577 2296 lorcyum,
1593 2255 1645 2287 sed
1657 2256 1823 2295 strictum.)

782 2308 920 2340 42461.
937 2329 975 2334 -
991 2311 1076 2342 Item
1094 2310 1130 2341 in
1147 2310 1291 2341 ecclesia
1306 2310 1343 2342 F.
1361 2310 1402 2342 O.
1421 2311 1466 2341 M.
1485 2310 1526 2341 de
1541 2310 1713 2348 Montone,
1735 2310 1919 2342 Castellan.
1938 2310 1983 2342 di.
2003 2310 2163 2349 (Ar-mario
2184 2310 2219 2349 C,
2239 2320 2274 2342 n.
2287 2312 2350 2343 959

735 2365 908 2406 (Armari0
927 2364 964 2398 C,
982 2364 1063 2395 fasc.
1080 2365 1131 2400 63,
1149 2372 1182 2394 n.
1201 2366 1218 2394 7
1232 2363 1278 2403 ²);
1293 2373 1462 2404 pergamen
1473 2363 1632 2404 parvum.)

783 2414 919 2446 42462.
937 2434 974 2440 —-
992 2418 1076 2448 Item
1092 2417 1126 2447 in
1146 2416 1291 2448 ecclesia
1308 2425 1336 2447 s.
1354 2417 1509 2449 Severini
1531 2418 1572 2448 de
1591 2416 1719 2457 Spello.
1745 2416 1905 2455 (Armario
1929 2416 1964 2455 C,
1983 2426 2016 2448 n.
2033 2419 2092 2449 961
2122 2417 2294 2458 (Armario
2311 2418 2348 2456 C,

738 2471 819 2502 fasc.
837 2472 891 2506 63,
907 2480 940 2501 n.
957 2471 988 2507 8)
996 2480 1005 2506 ;
1023 2480 1191 2510 perqamen
1201 2471 1362 2511 parvum.)
1391 2487 1395 2491 -

783 2521 922 2554 42463.
942 2542 978 2546 -
997 2524 1081 2555 Item
1105 2524 1139 2554 in
1157 2523 1300 2554 ecclesia
1316 2524 1517 2554 monasterii
1536 2532 1596 2555 s.s.
1619 2523 1861 2555 Bartholomaei
1877 2524 1918 2555 de
1941 2523 2096 2556 Petrorio
2113 2525 2146 2555 et
2163 2524 2289 2556 Donati
2308 2524 2350 2557 de

738 2578 919 2617 Pulpiano,
940 2577 1111 2617 Eugubin.
1129 2577 1173 2608 di.
1200 2576 1361 2617 (Armario
1382 2576 1417 2612 C,
1436 2585 1469 2607 n.
1495 2578 1555 2608 963
1573 2577 1744 2615 (Al-mario
1761 2576 1797 2614 C,
1815 2577 1898 2608 fasc.
1921 2578 1974 2615 63,
1994 2586 2027 2609 n.
2055 2578 2094 2609 10
2111 2577 2156 2616 b);
2182 2586 2350 2619 perqamen

739 2631 878 2671 lonqum,
891 2629 944 2661 sed
960 2630 1126 2669 strictum.)

784 2680 922 2713 42464.
943 2701 982 2706 —-
1000 2684 1086 2714 Item
1104 2684 1139 2714 in
1161 2683 1235 2715 loco
1252 2684 1289 2715 F.
1310 2683 1349 2716 O.
1372 2684 1416 2714 M.
1441 2685 1539 2714 terrae
1563 2683 1698 2721 Gualdi,
1724 2683 1886 2715 Nucerin.
1912 2683 1957 2715 di.
1983 2683 2144 2723 (Ar-mario
2170 2683 2204 2722 C,
2227 2693 2260 2716 n.
2289 2684 2350 2716 966

737 2737 910 2778 (Armario
927 2737 964 2775 C,
982 2737 1064 2768 fasc.
1081 2739 1132 2774 63,
1152 2745 1184 2768 n.
1204 2738 1253 2776 12)
1265 2746 1274 2774 ;
1286 2746 1458 2778 pergamen
1472 2738 1632 2777 parvum.)

783 2788 924 2821 42465.
941 2790 1082 2821 —Item
1096 2790 1131 2821 in
1147 2790 1291 2821 ecclesia
1307 2799 1334 2821 s.
1351 2790 1484 2821 Nicolai
1503 2790 1574 2821 ord.
1592 2790 1822 2821 Eremitarum
1839 2790 1989 2833 civitatis
2004 2790 2207 2830 Spoletanae.
2224 2791 2351 2829 (Arma-

739 2845 785 2875 rio
799 2844 836 2880 C,
855 2853 888 2875 n.
906 2846 967 2876 986
985 2844 1156 2884 (Armario
1173 2844 1210 2880 C,
1227 2844 1310 2875 fasc.
1326 2845 1378 2881 63,
1397 2852 1430 2874 n.
1449 2845 1487 2875 10
1505 2843 1546 2883 “);
1562 2853 1731 2885 perqamen
1746 2842 1885 2883 lonqum,
1897 2843 1950 2874 sed
1963 2843 2128 2883 strictum.)

783 2895 924 2927 42466.
953 2915 990 2920 -
1014 2897 1101 2928 Item
1116 2897 1152 2928 in
1168 2897 1250 2928 eccl.
1270 2905 1299 2927 s.
1324 2897 1498 2928 Francisci
1521 2897 1562 2927 de
1582 2897 1698 2928 Visso.
1719 2896 1879 2935 (Armario
1905 2896 1943 2934 C,
1966 2906 1998 2928 n.
2024 2898 2085 2929 987
2110 2897 2282 2937 (Armario
2311 2898 2348 2935 C,

740 2951 823 2983 fasc.
841 2952 894 2988 63,
912 2960 944 2982 n.
959 2951 1013 2985 21)
1022 2960 1032 2988 5
1049 2960 1216 2991 peryamen
1231 2950 1367 2991 lonqum,
1384 2950 1439 2981 sed
1448 2951 1615 2988 strictum.)
