2606 3490
342 373 362 402 4

374 458 479 485 Datum
497 451 680 486 Avenione.

357 561 376 590 8
391 562 434 595 (vi
451 561 502 594 id.)
518 563 589 595 sept.
611 558 699 586 1327.

474 606 505 633 T.
523 605 580 632 XX.

491 720 526 748 Ut
542 727 566 748 s.

476 766 507 793 T.
526 765 582 792 ΧΧ.

489 1204 525 1231 Ut
544 1212 566 1231 s.

423 1250 455 1278 T.
475 1248 545 1284 XIII,
562 1248 633 1277 XVI.

494 1578 530 1606 Ut
550 1586 573 1605 s.

378 1622 408 1651 T.
425 1622 473 1650 XV
489 1623 531 1656 ¹12,
545 1622 617 1649 XVII
637 1622 686 1653 ¹l2.

495 2008 531 2036 Ut
545 2017 568 2036 s.

457 2053 489 2081 T.
510 2053 605 2082 XXIV.

494 2169 530 2196 Ut
550 2178 574 2196 s.

458 2213 488 2240 T.
510 2214 604 2240 XXIV.

494 2383 529 2410 Ut
547 2391 571 2409 s.

441 2427 471 2454 T.
492 2427 538 2461 xl,
554 2427 625 2454 Xlll.

492 2595 528 2624 Ut
548 2604 571 2623 s.

465 2641 495 2668 T.
515 2640 598 2669 XXX.

496 3026 531 3053 Ut
550 3034 573 3053 s.

382 3071 429 3099 Gr.
448 3079 499 3106 pro
519 3078 595 3106 pers.
616 3070 694 3097 card.

735 363 909 396 JOANNIS
932 361 1052 393 PAPAE
1073 361 1176 392 XXII.
1200 358 1449 399 (1316-1334).
1471 375 1512 381 —-
1534 357 1722 388 LITTERAE
1744 357 1971 389 COMMUNES

816 551 952 583 29758.
973 570 1011 575 -
1027 552 1154 590 Jacobo,
1171 557 1244 582 nato
1265 551 1399 582 ,Ioannis
1419 549 1585 581 Laurentii
1601 548 1638 579 de
1658 548 1851 580 Thedallinis
1868 548 1905 580 de
1924 547 2014 586 Urbe,
2035 549 2130 588 cler„
2147 550 2188 581 de
2205 549 2381 590 conjugato

771 609 884 654 genito
901 610 933 638 et
950 606 1072 642 soluta,
1090 606 1241 645 dispens.
1270 607 1306 636 ut
1338 604 1380 635 ad
1407 611 1526 635 omnes
1553 603 1691 634 ordines
1711 602 1904 642 promoveri
1931 603 1964 634 et
1992 602 2158 635 beneficia
2178 603 2381 639 ecclesiast„

770 663 872 694 etiam
885 671 913 692 c.
929 670 970 698 c.‚
989 660 1141 691 obtinere
1158 659 1280 690 valeat.
1301 658 1353 698 (A.
1372 659 1424 695 29,
1440 657 1463 688 f.
1482 658 1537 687 171
1556 656 1585 694 b,
1611 655 1643 686 V.
1660 657 1712 693 85,
1729 665 1781 697 ep.
1797 657 1880 694 112.)

816 712 955 745 29759.
973 731 1012 736 --
1026 713 1145 744 Joanm'
1160 713 1197 742 de
1214 711 1401 752 Columpna,
1418 714 1485 741 not.
1509 709 1589 747 ΡΡ.,
1615 709 1735 741 archid.
1761 709 1934 747 Vivarien„
1960 713 1988 740 et
2007 709 2145 751 archipr.
2163 720 2188 741 s.
2216 709 2382 741 Eustachii

772 779 807 799 ac
824 768 961 799 Jordano
978 766 1124 802 Bobonis,
1143 775 1212 796 can.
1231 765 1265 796 S.
1286 765 1330 795 M.
1348 763 1482 804 Majoris
1498 762 1534 794 de
1553 762 1633 794 Urbe
1651 763 1736 800 eccl..
1754 763 1870 795 mand.
1894 771 1956 804 pro
1977 764 2170 803 receptione
2192 763 2381 801 Oddolinae‚

772 825 858 854 natae
875 821 1050 854 Laurentii
1065 819 1209 851 Joannis
1226 818 1402 850 Laurentii
1418 817 1459 848 de
1477 817 1691 849 Thedallinis
1707 817 1747 848 de
1768 816 1872 853 Urbe,
1890 816 2013 857 puellae
2026 817 2198 856 litterata),
2217 817 2253 848 in
2268 825 2384 849 mona-

774 877 870 908 cham
889 876 1036 907 monast.
1053 883 1081 905 s.
1099 872 1236 913 Cyriaci
1250 872 1291 903 de
1305 871 1395 903 dicta
1411 871 1513 908 Urbe,
1532 871 1571 903 Ο.
1590 871 1624 904 S.
1643 871 1682 903 B.
1699 871 1753 912 (A.
1769 872 1822 908 29,
1839 871 1863 902 f.
1881 872 1940 903 175
1957 870 1988 907 ὓς
2008 870 2045 902 V.
2060 872 2113 908 85,
2132 879 2186 910 ep.
2205 871 2291 910 113.)

818 927 954 959 29760.
977 946 1015 951 -
1032 927 1209 962 Εναηείεεο,
1236 930 1309 956 nato
1334 924 1450 966 quond.
1474 924 1563 956 Petri
1581 924 1715 956 Joanm’s
1741 924 1915 964 Laurentii,
1939 923 1977 954 de
2010 923 2102 962 Urbe,
2131 924 2245 956 collat.
2263 932 2382 956 canon.

772 984 852 1015 eccl.
870 993 896 1014 s.
911 981 1064 1014 Marcelli
1080 981 1121 1012 de
1135 979 1240 1018 Urbe,
1254 980 1289 1011 in
1303 988 1382 1019 qua,
1395 979 1475 1010 licet
1489 978 1535 1010 sit
1550 980 1663 1010 certus
1675 978 1917 1010 canonicorum
1931 986 2109 1015 numerus,
2125 978 2385 1018 praebendarum

772 1037 946 1069 distinctio
966 1045 1034 1067 non
1050 1035 1205 1066 habetur.
1225 1051 1264 1056 —-
1282 1033 1309 1065 1.
1325 1042 1354 1064 e.
1372 1042 1418 1064 m.
1433 1033 1558 1064 Joanni
1577 1033 1618 1064 de
1635 1032 1836 1072 Columpna,
1853 1032 1980 1063 archid.
2001 1032 2191 1070 Vivarien.‚
2211 1033 2281 1063 not.
2300 1030 2384 1069 ΡΡ.,

772 1093 805 1123 et
821 1091 966 1130 archipr.
984 1099 1012 1121 s.
1030 1087 1218 1123 Eustachii,
1236 1096 1274 1118 ac
1288 1087 1437 1118 Jordano
1453 1086 1616 1123 Bobonis,
1631 1095 1704 1117 can.
1719 1086 1752 1117 S.
1772 1086 1817 1118 M.
1834 1086 1975 1126 Majoris
1993 1085 2034 1117 de
2051 1085 2143 1118 Urbe
2159 1085 2240 1118 eccl.
2259 1085 2314 1126 (Α.
2330 1086 2384 1124 29,
2450 1095 2454 1100 ·

774 1145 797 1177 f.
818 1147 873 1176 171
893 1144 924 1181 ¹³5
947 1143 983 1175 V.
999 1144 1051 1180 85,
1070 1151 1121 1182 ep.
1141 1143 1224 1181 120.)

818 1196 958 1228 29761.
978 1214 1017 1220 -
1032 1197 1126 1228 Petro
1141 1195 1177 1226 de
1188 1195 1348 1227 clarentio
1364 1194 1502 1226 collatio
1517 1202 1637 1225 canon.
1654 1195 1687 1225 et
1701 1193 1806 1234 praeb.
1824 1194 1904 1226 eccl.
1923 1193 1964 1225 de
1979 1193 2143 1231 Bosham,
2159 1192 2387 1225 Cicestrensis

774 1253 832 1290 di.,
850 1261 909 1292 per
923 1251 1053 1283 obitum
1068 1250 1187 1282 Jacobi
1204 1249 1272 1289 ep.i
1288 1248 1497 1280 Exoniensis
1515 1249 1548 1279 et
1563 1248 1665 1288 Aycii
1684 1247 1724 1279 de
1742 1247 1927 1283 Clarentio‚
1947 1249 2022 1279 ante
2038 1247 2276 1279 executionem
2293 1247 2386 1279 litte-

773 1315 888 1338 rarum
906 1305 1172 1345 apostolicarum
1193 1303 1283 1343 apud
1303 1303 1339 1335 S.
1356 1303 1398 1334 A.
1417 1302 1667 1337 defunctorum,
1687 1301 1882 1333 vacantium
1893 1311 1901 1338 ;
1919 1310 1986 1332 non
2003 1300 2092 1333 obst.
2112 1301 2223 1341 gratia
2237 1309 2332 1341 exsp.
2352 1301 2387 1332 in

774 1360 883 1391 forma
900 1367 1089 1399 pauperum
1106 1357 1217 1389 benef.
1239 1355 1464 1388 ecclesiastici
1480 1364 1509 1387 0.
1533 1364 1561 1386 0.
1584 1355 1639 1386 vel
1658 1364 1686 1386 s.
1703 1364 1731 1386 c.
1750 1355 1792 1386 ad
1807 1355 2070 1395 dispositionem
2087 1354 2223 1389 abbatis
2239 1356 2272 1387 et
2288 1363 2385 1387 conv.

774 1413 975 1445 monasterii
991 1413 1031 1443 de
1047 1411 1287 1451 Bellapertica‚
1304 1409 1504 1442 Cistercien.
1520 1409 1607 1445 ord„
1626 1408 1870 1440 Montisalban.
1889 1408 1949 1444 di.,
1966 1417 2041 1449 quae
2056 1410 2223 1440 cassatur.
2238 1425 2276 1431 —
2294 1408 2334 1439 In
2355 1416 2385 1441 e.

774 1476 818 1499 m.
836 1476 938 1507 praep.
957 1466 1188 1506 Mirapiscen.,
1202 1466 1235 1496 et
1246 1463 1464 1496 Cantuarien.
1478 1472 1516 1494 ac
1527 1462 1700 1503 Figiacen.
1715 1463 1894 1494 Caturcen.
1912 1461 2161 1494 archidiaconis
2174 1461 2256 1494 eccl.
2269 1461 2322 1501 (A.
2334 1463 2388 1500 29,

774 1522 796 1552 f.
815 1523 874 1553 312
891 1520 920 1557 ¹>3
943 1520 980 1552 V.
997 1521 1048 1557 85,
1066 1528 1119 1559 ep.
1135 1518 1224 1559 333.)

821 1572 961 1605 29762.
980 1592 1019 1597 -—
1039 1572 1181 1604 Arnaldo
1194 1572 1230 1603 de
1253 1571 1353 1607 Valle,
1380 1581 1449 1602 can.
1466 1570 1538 1602 eccl.
1558 1569 1717 1602 Arelaten.
1744 1569 1779 1601 0.
1802 1570 1836 1601 S.
1863 1570 1918 1605 Α.,
1951 1569 2066 1602 collat.
2091 1569 2229 1610 paroch.
2248 1569 2330 1602 0001.
2347 1569 2390 1602 de

775 1631 893 1664 Berra‚
912 1628 1082 1659 Arelaten.
1099 1627 1158 1664 di.,
1178 1635 1240 1667 per
1255 1625 1436 1658 canonicos
1453 1625 1534 1657 eccl.
1550 1624 1722 1656 Arelaten.
1741 1623 1820 1664 gub.
1841 1623 1948 1655 solitae
1964 1624 1997 1655 et
2013 1632 2074 1663 per
2090 1623 2173 1655 obit.
2189 1622 2388 1664 Raymundi

774 1684 943 1723 Dayraga,
959 1682 1014 1713 cui
1030 1682 1141 1712 fuerat
1155 1689 1232 1712 cum
1251 1679 1475 1720 praecentoria
1490 1678 1663 1710 Arelaten.
1681 1677 1723 1709 ab
1738 1677 1910 1717 archiep.o
1928 1676 2045 1717 vigore
2060 1676 2183 1709 indult.
2201 1678 2310 1717 apost.
2326 1675 2390 1709 Ni-

775 1737 862 1768 colai
877 1737 924 1768 IV
940 1736 1073 1772 collata,
1094 1744 1146 1775 ap.
1165 1735 1199 1766 S.
1216 1735 1259 1766 A.
1283 1733 1410 1774 praevia
1432 1741 1560 1764 reserv.
1587 1741 1674 1769 vac.‚
1701 1740 1778 1762 cum
1796 1731 1950 1771 dispens.
1979 1739 1999 1762 a
2013 1730 2164 1770 generali
2178 1730 2335 1768 concilio,
2352 1730 2392 1762 ut

775 1790 968 1822 sacristiam
986 1789 1155 1829 praedictae
1170 1788 1250 1820 eccl.
1266 1787 1438 1819 Arelaten.
1454 1795 1523 1818 una
1540 1794 1617 1817 cum
1635 1786 1725 1816 dicta
1742 1784 1879 1824 paroch.
1894 1784 1975 1816 eccl.
1993 1785 2034 1815 de
2050 1785 2157 1816 Berra
2167 1784 2316 1816 retinere
2333 1792 2391 1816 va-

774 1845 843 1876 leat
854 1853 863 1882 3
881 1843 1016 1883 paroch.
1034 1844 1149 1874 autem
1167 1842 1249 1874 0001.
1268 1841 1309 1872 (10
1325 1840 1530 1872 Alverniaco
1547 1840 1644 1871 dictae
1662 1839 1708 1870 di.
1725 1839 1885 1870 dimittat.
1905 1856 1943 1861 ——
1957 1838 1985 1869 Ι.
2004 1847 2032 1869 0.
2058 1847 2103 1870 m.
2122 1838 2341 1878 Mirapiscon.
2359 1838 2393 1870 et

774 1898 962 1930 Vasionen.
989 1896 1196 1937 praepositis,
1226 1905 1265 1927 ac
1288 1894 1494 1935 Raymundo
1521 1893 1562 1925 de
1582 1893 1799 1929 (mamerano,
1827 1901 1899 1923 can.
1931 1892 2134 1923 Salernitan.
2158 1891 2240 1924 eccl.
2262 1891 2314 1931 (A.
2336 1892 2390 1930 29,

776 1952 799 1982 f.
816 1953 878 1983 486
891 1957 922 1988 ·;
947 1951 980 1982 V.
1000 1952 1052 1988 85,
1069 1959 1122 1990 ep.
1139 1951 1227 1988 687.)

821 2002 960 2035 29763.
979 2022 1018 2027 -
1035 2003 1260 2034 Hellembertus
1277 2002 1313 2034 de
1336 2002 1472 2039 Visbelce,
1495 2000 1618 2032 scolast.
1638 2000 1710 2031 eccl.
1735 2000 1892 2038 Bremen„
1911 1999 2110 2031 habilitatur
2125 2008 2229 2039 super
2243 2008 2283 2031 eo
2300 1999 2392 2039 quod

776 2060 913 2099 paroch.
929 2059 1010 2090 eccl.
1027 2059 1063 2089 in
1079 2058 1198 2094 Plove‚
1217 2056 1380 2088 Lubicen.
1400 2055 1460 2093 di.,
1476 2056 1554 2095 post
1570 2055 1785 2094 adeptionem
1812 2054 1938 2085 factam
1959 2053 2000 2084 de
2018 2053 2199 2084 scolastria
2214 2053 2391 2093 praedicta,

776 2113 898 2144 tenuit.
920 2113 971 2151 (A.
991 2114 1041 2150 29,
1058 2112 1080 2142 f.
1099 2113 1160 2142 490
1177 2110 1209 2146 b;
1232 2110 1269 2142 V.
1288 2111 1340 2147 85,
1360 2118 1412 2149 ep.
1431 2110 1516 2147 745.)

823 2163 961 2207 29764.
981 2183 1018 2188 -
1040 2165 1127 2205 Ep.o
1151 2163 1316 2195 Lubicensi
1338 2162 1452 2194 mand.
1478 2163 1516 2193 ut
1539 2162 1736 2192 Hermanno
1759 2161 1800 2191 de
1817 2160 2035 2200 Warendorp
2059 2160 2258 2200 proconsuli
2281 2161 2314 2192 et
2335 2160 2390 2191 Li-

777 2219 885 2257 berto,
902 2219 976 2259 ejus
992 2219 1101 2257 fratri,
1122 2217 1255 2249 civibus
1271 2216 1447 2252 Lubicen.,
1464 2215 1663 2246 facultatem
1680 2214 1841 2246 concedat
1863 2214 2016 2254 erigendi
2031 2222 2139 2245 unum
2155 2214 2261 2246 altare
2277 2214 2314 2245 in
2329 2222 2388 2255 pa-

777 2273 869 2305 roch.
884 2274 964 2304 eccl.
981 2283 1008 2304 s.
1025 2272 1144 2304 Jacobi
1158 2271 1332 2306 Lubicen.,
1352 2270 1525 2301 reservato
1544 2269 1594 2300 eis
1613 2277 1799 2308 eorumque
1816 2267 2075 2299 successoribus
2089 2268 2165 2308 jure
2187 2269 2390 2307 patronatus

778 2329 812 2358 et
827 2327 1113 2366 praesentationis.
1133 2326 1187 2366 (A.
1203 2327 1254 2362 29,
1272 2324 1295 2355 f.
1315 2325 1375 2356 496
1392 2323 1422 2361 b;
1445 2322 1478 2353 V.
1496 2324 1548 2360 85,
1565 2331 1618 2362 ep.
1636 2323 1719 2360 746.)

824 2377 961 2410 29765.
978 2399 1016 2403 -
1034 2379 1237 2419 Rodulphino
1256 2378 1371 2409 Azouis
1386 2377 1422 2407 de
1435 2375 1682 2416 Βαςηαεαυαῖἱο,
1696 2375 1767 2405 cler.
1787 2375 1953 2406 Faventin.
1969 2374 2026 2412 di.,
2042 2374 2151 2414 gratia
2166 2383 2261 2414 exsp.
2275 2374 2389 2406 benef.

778 2434 966 2465 ecclesiast.
984 2435 1025 2474 (s.
1042 2443 1070 2464 c.
1089 2435 1128 2464 50
1141 2433 1213 2464 flor.
1233 2432 1320 2470 auri)
1339 2431 1380 2462 ad
1394 2431 1462 2470 ep.i
1479 2431 1511 2462 et
1527 2430 1629 2469 capit.
1647 2428 1825 2461 Faventin.
1844 2428 2107 2468 dispositionem
2125 2428 2247 2468 pertin.
2263 2446 2301 2451 -
2317 2429 2343 2459 I.
2359 2437 2390 2460 e.

779 2497 823 2518 m.
842 2496 918 2527 ep.o
934 2487 1109 2524 Imolensi,
1129 2488 1162 2518 et
1180 2486 1256 2517 abb.
1276 2486 1424 2516 monast.
1448 2484 1480 2515 S.
1501 2484 1545 2514 M.
1565 2483 1601 2514 in
1627 2482 1759 2523 Regula
1779 2482 1936 2519 Imolen.‚
1958 2491 1995 2513 30
2022 2491 2111 2522 mag.
2135 2482 2236 2514 Gotio
2260 2482 2301 2514 de
2318 2482 2392 2514 Ari-

778 2541 883 2577 mino,
903 2550 975 2572 can.
994 2541 1240 2576 Ravennatem,
1260 2548 1332 2578 cap.
1354 2538 1423 2570 ΡΡ.
1442 2538 1496 2577 (A.
1513 2538 1564 2573 29,
1581 2537 1604 2568 f.
1620 2538 1680 2568 607
1697 2541 1725 2572 ⁸3
1752 2536 1786 2567 V.
1803 2537 1854 2571 85,
1875 2545 1927 2575 ep.
1945 2535 2032 2576 972.)

824 2592 960 2623 29766.
973 2611 1011 2616 —
1022 2594 1168 2624 Rainerio
1180 2597 1253 2623 nato
1264 2592 1424 2624 Franciscz·
1435 2591 1472 2622 de
1486 2590 1663 2622 Urbeveteri
1674 2590 1892 2621 confirmatur
1904 2589 2040 2620 collatio
2053 2589 2119 2628 ipsi
2133 2589 2221 2620 facta
2230 2598 2249 2620 a
2259 2590 2279 2621 J
2282 2597 2391 2621 caune

779 2657 806 2679 s.
825 2647 993 2679 Theodori
1012 2647 1098 2678 diac.
1117 2647 1221 2683 card,
1240 2647 1280 2677 A.
1298 2647 1332 2678 S.
1350 2645 1454 2685 legati
1471 2645 1506 2675 in
1522 2644 1677 2684 partibus
1694 2643 1932 2679 Urbevetanis,
1948 2643 1988 2674 de
2004 2643 2157 2682 prioratu
2176 2643 2288 2674 saecul.
2307 2643 2389 2677 0001.
2433 2678 2435 2680 .

779 2710 807 2732 s.
826 2701 951 2733 Donati
965 2701 1005 2731 de
1026 2700 1149 2737 Alfina,
1167 2700 1371 2732 Urbevetan.
1403 2699 1449 2728 di.
1476 2699 1528 2736 (40
1553 2698 1625 2728 flor.
1648 2697 1722 2728 auri
1741 2697 1891 2727 valorem
1910 2705 2060 2727 annuum
2088 2705 2154 2727 non
2173 2696 2391 2736 excedente);

780 2764 847 2786 non
865 2754 952 2785 obst.
970 2754 1060 2793 quod
1075 2753 1116 2784 ab
1133 2753 1307 2792 aliquibus
1326 2753 1501 2783 asseratur
1519 2752 1609 2791 quod
1625 2751 1736 2781 dictus
1754 2750 1927 2790 prioratus
1942 2750 2135 2782 includetur
2153 2750 2217 2781 sub
2235 2759 2388 2782 reserva-

778 2809 870 2840 tione
886 2817 947 2848 per
970 2808 1039 2838 PP.
1058 2807 1146 2838 facta
1162 2807 1201 2838 de
1219 2806 1408 2846 collegiatis
1426 2805 1507 2836 eccl.
1526 2805 1561 2836 in
1580 2804 1735 2844 partibus
1753 2804 1834 2841 illis,
1853 2805 1894 2835 ad
1912 2813 2056 2844 quarum
2074 2805 2241 2844 regimina
2257 2804 2390 2844 praelati

779 2862 1029 2894 consueverunt
1045 2870 1105 2892 seu
1119 2860 1242 2891 debent
1256 2869 1315 2899 per
1328 2859 1529 2890 electionem
1546 2859 1688 2893 assumi,
1705 2859 1762 2889 aut
1778 2858 1868 2898 quod
1886 2858 1921 2888 in
1937 2858 2016 2889 eccl.
2036 2858 2252 2890 Urbevetana
2268 2867 2386 2889 canon.

780 2916 843 2947 sub
855 2924 950 2954 exsp.
965 2914 1084 2954 presb„
1103 2915 1133 2945 et
1144 2913 1369 2952 capellaniam
1380 2921 1406 2943 s.
1422 2912 1555 2944 Nicolai
1567 2913 1606 2943 de
1620 2911 1815 2947 Gambesio‚
1828 2912 2006 2943 Carnoten.
2022 2912 2082 2947 di.,
2096 2911 2258 2943 obtineat.
2272 2911 2324 2950 (A.
2336 2913 2389 2948 30,

779 2970 803 3002 f.
826 2971 886 3001 407
903 2974 931 3005 a;
952 2969 988 2999 V.
1007 2970 1058 3005 86,
1079 2977 1131 3007 ep.
1152 2969 1256 3004 1909.)

826 3020 966 3053 29767.
983 3040 1022 3045 —-
1039 3021 1207 3062 Archiep.o
1224 3020 1441 3055 cantuarien„
1459 3025 1486 3050 et
1509 3020 1703 3060 Wiqornien.
1720 3030 1754 3049 ac
1777 3019 1983 3060 Hereforden.
2000 3020 2079 3060 ep.is
2095 3019 2209 3050 mand.
2229 3021 2265 3050 ut
2288 3019 2393 3050 citent

781 3077 965 3109 Gicardum
984 3076 1024 3106 de
1041 3076 1119 3112 Jou,
1139 3083 1230 3106 mon.
1248 3074 1448 3106 monasterii
1466 3073 1674 3112 Cluniaeeu,
1694 3073 1915 3105 Matisconen.
1934 3074 1994 3110 di.,
2016 3073 2074 3113 qui
2092 3074 2259 3113 praetextu
2277 3071 2390 3103 collat.
