2606 3490
387 310 450 340 18*

417 400 521 428 Datum
539 393 723 427 Avenione.

459 608 495 636 17
511 611 579 643 sept.
600 607 688 635 1327.

461 653 513 688 (xv
531 653 589 680 kal.
610 653 680 684 oct.)

478 698 509 725 T.
526 697 572 729 XI,
593 697 665 724 XIII.

533 876 570 903 Ut
591 884 614 903 s.

474 921 519 948 Gr.
536 929 587 956 pro
601 921 667 948 Deo.

532 1036 569 1064 Ut
587 1044 611 1063 s.

478 1081 508 1108 T.
525 1081 571 1115 XI,
588 1081 649 1108 XIII

529 1304 566 1331 Ut
588 1312 612 1331 s.

520 1349 551 1375 T.
565 1348 623 1376 XX.

459 2215 496 2243 18
510 2219 579 2251 sept.
596 2215 683 2244 1327.

456 2260 521 2295 (xiv
538 2261 597 2288 kal.
615 2261 683 2295 oct.)

479 2305 510 2332 Τ.
531 2306 577 2339 XI,
595 2306 666 2333 XIII.

522 2539 557 2567 Ut
573 2548 596 2567 s.
614 2540 622 2559 ¹

476 2584 506 2611 T.
528 2585 574 2618 xl,
592 2585 663 2612 XIII.

531 2753 568 2781 Ut
587 2761 610 2781 s.

498 2798 529 2826 Τ.
548 2799 643 2826 XXIV.

785 303 959 335 JOANNIS
983 302 1101 334 PAPAE
1123 301 1225 333 XXII.
1250 302 1500 340 (1316-1334).
1522 317 1562 323 —
1585 299 1772 331 LITTERAE
1795 300 2022 333 COMMUNES

814 507 904 536 nen„
922 507 959 529 ac
977 497 1128 529 sacristae
1153 496 1328 528 saecularis
1348 505 1375 527 s.
1399 495 1494 527 Petri
1517 495 1557 526 de
1583 492 1750 532 Burlatio,
1776 495 1932 527 Castren.
1960 496 2019 536 di.,
2041 498 2274 531 ecclesiarum.
2299 500 2351 539 (Α,
2368 500 2421 538 29,

814 552 837 584 f.
854 554 912 582 127
926 552 956 589 ¹³3
978 551 1013 583 V.
1033 552 1083 588 85,
1102 560 1156 590 ep.
1173 552 1239 589 90.)

858 603 994 634 29889.
1011 623 1048 628 -
1066 604 1198 635 oliverio
1214 603 1251 634 de
1271 603 1396 634 Cer-zeto
1413 602 1525 634 collat.
1548 602 1732 633 decanatus
1745 602 1873 634 ruralis
1887 603 2066 641 Azianen.,
2083 605 2268 638 Lucionen.
2285 606 2346 645 di.,
2363 615 2424 647 per

814 659 1061 691 assecutionem
1085 658 1126 689 ab
1152 658 1295 697 Hugone
1312 657 1352 688 de
1377 656 1576 687 Masnoneto
1600 655 1724 687 factam
1743 656 1784 688 de
1813 656 1950 689 abbatia
1971 658 2085 690 saecul.
2114 659 2194 692 eccl.
2223 661 2424 698 Dauraten.,

814 713 1028 744 Lemovicen.
1043 712 1102 750 di.,
1124 711 1191 751 ipsi
1211 720 1231 742 a
1247 711 1313 741 ΡΡ.
1334 709 1468 747 collata,
1490 708 1654 741 vacantis.
1675 727 1713 732 -—
1732 709 1760 740 1.
1780 718 1809 741 e.
1827 719 1873 741 m.
1890 719 1967 751 ep.o
1983 711 2171 752 Pictaven.‚
2190 715 2223 746 et
2242 713 2424 747 Gesselino

813 767 855 798 de
872 766 1069 803 Cassanhis,
1085 764 1285 802 Bituricen.‚
1307 764 1408 802 atque
1424 762 1597 794 Armando
1616 763 1657 794 de
1680 763 1856 802 Narcesio‚
1882 765 2063 798 Carnoten.
2081 766 2162 798 eccl.
2180 776 2268 805 can„
2286 767 2357 800 ΡΡ.
2374 776 2424 800 ca-

813 811 970 859 pellanis.
989 819 1043 859 (A.
1058 821 1108 855 29,
1127 818 1149 849 f.
1166 819 1225 848 222
1244 817 1274 854 η
1301 816 1336 847 V.
1351 818 1403 852 85,
1420 825 1472 855 ep.
1488 817 1572 855 191.)

858 870 996 903 29890.
1012 890 1052 895 -
1069 871 1236 903 Guillermo
1250 871 1385 908 Renerii,
1403 869 1515 901 clerico
1525 869 1726 901 Leoeoviensis
1740 871 1796 909 di.,
1813 872 1965 912 dispens.
1984 881 2087 914 super
2100 872 2267 906 natalium
2279 875 2423 914 defectu,

815 935 915 966 quem
931 927 1070 966 patitur,
1089 934 1165 956 cum
1181 925 1226 956 sit
1243 925 1283 955 de
1299 924 1501 964 presbytero
1515 925 1548 955 et
1565 924 1680 956 soluta
1694 925 1841 965 genitus,
1857 927 1894 957 ut
1910 935 2030 958 omnes
2046 927 2184 959 ordines
2198 929 2232 960 et
2249 928 2426 961 ecclesias-

814 980 879 1011 tica
894 980 1056 1011 beneficia
1073 979 1224 1010 obtinere
1239 977 1364 1008 valeat.
1384 977 1435 1016 (A.
1455 979 1506 1015 29,
1523 978 1545 1009 f.
1563 979 1621 1009 571
1640 977 1672 1015 ¹25
1695 978 1731 1010 V.
1748 980 1801 1016 85,
1820 987 1872 1019 ep.
1891 980 1978 1020 897.)

858 1031 996 1063 29891.
1017 1051 1053 1056 -
1070 1032 1220 1073 Philippo
1238 1031 1319 1062 dicto
1341 1031 1450 1072 Vileyn
1472 1031 1610 1063 collatio
1635 1041 1755 1064 canon.
1774 1032 1838 1064 sub
1855 1042 1951 1074 exsp.
1971 1034 2088 1074 praeb.‚
2107 1043 2145 1066 ac
2160 1034 2267 1076 dign„
2281 1035 2334 1067 vel
2347 1043 2424 1076 per-

765 1118 767 1124 ,
815 1089 953 1118 sonatus
967 1096 1027 1118 seu
1042 1086 1146 1117 officii
1170 1095 1197 1116 c.
1214 1095 1242 1116 c.
1260 1085 1313 1116 vel
1330 1094 1357 1116 s.
1375 1095 1402 1116 c.
1423 1085 1504 1116 eccl.
1523 1086 1727 1126 Trajeoten„
1753 1087 1938 1119 dummodo
1955 1088 2048 1128 dign.
2066 1089 2176 1129 maj0r
2196 1090 2275 1129 post
2294 1088 2426 1129 episco-

813 1141 924 1181 palem
936 1149 1003 1172 non
1014 1140 1150 1176 existat,
1165 1139 1294 1170 consid.
1312 1139 1426 1170 Caroli
1439 1140 1480 1171 R.
1498 1139 1536 1171 F.
1551 1148 1560 1175 ;
1575 1148 1642 1171 non
1659 1139 1747 1172 obst.
1763 1141 1799 1171 in
1815 1141 1897 1173 eccl.
1911 1141 1946 1172 S.
1962 1141 2007 1173 M.
2023 1142 2214 1182 TraJecten.
2228 1151 2348 1174 canon.
2361 1142 2426 1174 sub

814 1203 909 1234 exsp.
927 1194 1030 1234 praeb.
1050 1212 1087 1216 -
1104 1193 1130 1224 I.
1152 1202 1180 1224 e.
1198 1202 1243 1224 m.
1266 1202 1293 1223 s.
1316 1193 1480 1224 Germani
1498 1194 1538 1224 de
1561 1193 1674 1225 Pratis
1697 1195 1729 1225 et
1755 1203 1782 1225 s.
1805 1195 2151 1231 Genovefaemonast.
2171 1196 2365 1234 abhatibus,
2387 1205 2426 1229 ac

814 1249 938 1280 decano
955 1248 1034 1279 eccl.
1056 1257 1083 1278 s.
1100 1247 1262 1278 Germani
1280 1247 1534 1278 Autisiodoren.
1551 1247 1720 1279 Parisien.
1741 1248 1794 1288 (A.
1811 1250 1862 1286 30,
1879 1249 1901 1279 f.
1916 1249 1956 1281 98
1975 1255 2002 1287 ⁸;
2026 1249 2062 1281 V.
2080 1250 2132 1288 86,
2151 1259 2203 1290 ep.
2224 1251 2331 1290 1315.)

857 1299 994 1332 29892.
1010 1319 1047 1323 -
1063 1301 1151 1342 Ep.o
1167 1300 1387 1341 Herefordensi
1406 1301 1518 1332 mand.
1537 1303 1575 1332 ut
1596 1301 1739 1341 justitiae
1756 1302 2043 1342 complementum
2060 1303 2162 1335 faciat
2179 1303 2215 1334 in
2233 1312 2337 1336 causa
2353 1312 2426 1336 ver-

812 1357 903 1387 tente
931 1356 1020 1386 inter
1044 1355 1221 1392 Thomam‚
1237 1356 1404 1386 rectorem
1432 1355 1513 1386 eccl.
1537 1355 1578 1386 de
1607 1356 1731 1396 Eyton,
1756 1356 1988 1388 Lichefelden.
2016 1357 2078 1395 di.,
2104 1357 2137 1388 et
2162 1357 2374 1389 abbatissam
2391 1358 2426 1389 et

813 1419 907 1441 conv.
923 1411 1066 1440 monast.
1086 1410 1126 1440 de
1140 1409 1386 1446 Pellesworch,
1399 1408 1507 1449 ejusd.
1525 1409 1584 1449 di.,
1602 1418 1704 1449 super
1721 1418 1759 1441 eo
1774 1410 1875 1450 quod,
1892 1419 1969 1441 cum
1982 1410 2065 1442 olim
2079 1411 2170 1442 dicta
2181 1411 2262 1443 eccl.
2275 1413 2423 1450 vacaret,

812 1463 866 1494 bo.
887 1472 951 1494 me.
969 1464 1123 1503 Rogerus
1144 1463 1368 1494 Conventren.
1387 1464 1420 1494 et
1437 1463 1668 1495 Lichefelden.
1687 1472 1798 1503 ep.us,
1816 1472 1883 1495 non
1904 1465 2083 1496 attendens
2097 1465 2188 1505 quod
2203 1465 2358 1497 redditus
2373 1465 2425 1505 ip·

812 1518 885 1548 sius
905 1517 963 1548 vix
980 1517 1205 1554 sufficiebant,
1227 1517 1316 1548 sicut
1336 1525 1404 1548 non
1427 1517 1614 1555 sufficiunt,
1643 1517 1686 1548 ad
1711 1526 1895 1557 congruam
1920 1518 2204 1550 sustentationem
2226 1519 2371 1550 rectoris
2393 1519 2427 1551 et

812 1571 854 1602 ad
877 1571 950 1611 ejus
975 1580 1077 1602 onera
1102 1571 1345 1610 supportanda,
1369 1571 1490 1603 statuit
1515 1571 1606 1611 quod
1632 1572 1743 1603 rector
1767 1571 1853 1603 duas
1880 1573 1994 1611 partes
2021 1572 2191 1603 dictorum
2214 1573 2424 1611 reddituum,

811 1625 947 1657 nomine
966 1625 1154 1665 pensionis,
1171 1626 1271 1656 dictis
1286 1625 1469 1657 abbatissae
1490 1627 1523 1657 et
1541 1634 1652 1662 conv.,
1671 1625 1752 1657 licet
1768 1625 1981 1657 sufficientes
1998 1625 2163 1658 haberent
2181 1626 2349 1664 redditus,
2366 1635 2422 1658 an-

811 1680 942 1710 nuatim
959 1679 1117 1710 solveret.
1133 1679 1254 1710 Dictus
1267 1680 1381 1711 autem
1398 1679 1560 1717 Thomas,
1580 1679 1622 1710 ad
1639 1679 1792 1719 regimen
1810 1679 1921 1719 ipsius
1935 1679 2017 1711 eccl.
2036 1680 2256 1719 postmodum
2271 1689 2426 1721 assump-

811 1735 877 1769 tus,
894 1733 1048 1764 solvendi
1071 1734 1178 1764 dictas
1201 1733 1286 1764 duas
1312 1735 1426 1773 partes
1452 1733 1583 1764 eisdem
1610 1732 1793 1764 abbatissae
1821 1734 1853 1764 et
1877 1742 1972 1765 conv.
1994 1734 2228 1773 juramentum
2251 1734 2424 1774 praestitit,

810 1787 972 1826 ignorans
988 1787 1078 1826 quod
1093 1787 1133 1818 de
1156 1787 1305 1818 residuis
1331 1786 1523 1818 redditibus
1542 1796 1608 1818 non
1624 1788 1741 1827 posset
1758 1787 1935 1818 commode
1958 1787 2157 1825 sustentari,
2174 1796 2280 1828 quare
2296 1796 2316 1819 a
2333 1788 2426 1829 Papa

807 1840 940 1880 judices
960 1840 1107 1871 obtinuit
1132 1849 1235 1879 super
1264 1841 1468 1880 praemissis,
1489 1841 1548 1880 qui
1569 1840 1612 1872 ad
1637 1841 1754 1880 plures
1786 1842 1882 1872 actus
1912 1842 2161 1880 processerunt.
2189 1841 2276 1873 Cum
2299 1843 2424 1879 autem,

811 1894 900 1925 dicta
918 1895 977 1926 lite
1000 1895 1180 1934 pendente,
1198 1894 1253 1926 bo.
1277 1904 1343 1927 me.
1368 1895 1559 1933 Walterus‚
1585 1895 1810 1926 Conventren.
1838 1895 1870 1926 et
1896 1894 2126 1926 Lichefelden.
2153 1903 2264 1935 ep.us,
2295 1895 2425 1927 dictum

810 1948 975 1980 'rhomam
1004 1958 1106 1988 super
1131 1949 1249 1980 eadem
1276 1949 1456 1988 pensione,
1473 1948 1536 1979 sub
1555 1949 1668 1988 specie
1691 1939 1870 1988 cujusdam
1898 1949 2002 1979 annui
2028 1948 2194 1984 redditus,
2210 1949 2245 1980 in
2267 1948 2425 1980 saeculari

811 2002 883 2034 foro
907 2012 983 2034 cum
1011 2003 1185 2034 abbatissa
1208 2004 1240 2034 et
1257 2012 1353 2034 conv.
1371 2003 1545 2042 praedictis
1573 2003 1710 2042 litigare
1735 2002 1972 2042 compulisset,
1999 2002 2074 2042 ipse
2098 2004 2209 2034 rector
2239 2002 2365 2034 iterum
2382 2002 2426 2034 ad

810 2057 843 2088 S.
862 2058 903 2087 A.
920 2065 1022 2096 super
1045 2057 1107 2087 hoc
1123 2066 1300 2088 recursum
1316 2056 1434 2088 habuit
1451 2057 1484 2088 et
1499 2065 1602 2096 super
1620 2065 1658 2087 eo
1677 2056 1768 2096 quod
1785 2056 1927 2095 praefata
1945 2055 2119 2087 abbatissa
2140 2057 2173 2087 et
2196 2064 2292 2088 conv.
2309 2056 2425 2096 ipsum

813 2110 901 2141 dicta
918 2111 1061 2141 ecclesia
1077 2111 1219 2150 spoliari
1247 2111 1399 2142 fecerunt
1415 2112 1446 2142 et
1462 2110 1504 2141 ad
1520 2110 1617 2141 illam
1638 2110 1857 2142 Willelmum
1874 2110 1915 2140 de
1937 2110 2113 2150 Ippeston,
2132 2110 2212 2141 cler.
2236 2110 2346 2150 ejusd.
2363 2110 2424 2148 di.,

812 2166 1069 2204 praesentarunt.
1085 2164 1139 2204 (A.
1159 2165 1209 2202 30,
1229 2165 1252 2195 f.
1269 2166 1329 2195 528
1343 2170 1371 2201 ⁸3
1392 2164 1427 2196 V.
1445 2166 1496 2201 87,
1515 2173 1566 2204 ep.
1585 2165 1691 2202 2014.)

857 2215 992 2247 29893.
1011 2237 1048 2241 —
1070 2218 1239 2250 Guillermo
1253 2219 1290 2249 de
1303 2218 1470 2249 Alanhano
1486 2227 1581 2258 prov,
1602 2227 1720 2249 canon.
1749 2217 1812 2249 sub
1828 2226 1924 2257 exsp.
1945 2217 2061 2257 praeb.‚
2079 2226 2118 2248 ac
2137 2217 2243 2258 dign.‚
2263 2218 2335 2250 sive
2351 2227 2425 2258 per-

813 2273 965 2308 sonatus,
986 2272 1039 2303 vel
1065 2273 1134 2308 off,
1153 2281 1214 2303 seu
1239 2273 1432 2304 administr.
1454 2274 1511 2304 aut
1535 2272 1693 2303 beneficii
1715 2271 1902 2303 ecclesiast.
1930 2280 1956 2303 c.
1983 2280 2011 2302 8.
2030 2271 2085 2303 vel
2110 2281 2136 2302 s.
2160 2280 2187 2303 c.
2208 2271 2290 2303 eccl.
2307 2271 2425 2312 Urgel-

812 2326 935 2362 lensis;
953 2335 1020 2356 non
1038 2326 1124 2357 obst.
1143 2336 1261 2359 canon.
1278 2329 1310 2358 et
1330 2327 1432 2366 praeb.
1448 2326 1612 2358 Rivensis
1630 2326 1724 2361 eccl„
1741 2327 1773 2357 et
1791 2334 1909 2357 canon.
1927 2325 1991 2356 sub
2008 2334 2102 2365 exsp.
2120 2325 2224 2365 praeb.
2245 2325 2327 2357 eccl.
2346 2326 2425 2358 Cas·

812 2379 939 2410 trinovi
963 2380 1003 2410 de
1025 2380 1136 2417 Arrio,
1158 2389 1184 2411 s.
1202 2381 1324 2420 Papuli
1347 2381 1393 2411 di.
1412 2398 1451 2403 —-
1476 2381 1515 2411 In
1531 2389 1560 2412 e.
1578 2389 1622 2411 m.
1653 2388 1730 2420 ep.o
1751 2379 2063 2419 carpentoratensi,
2082 2380 2114 2410 et
2142 2378 2258 2410 abbati
2275 2380 2423 2411 monast.

812 2433 995 2468 Fuxensis,
1012 2434 1260 2473 Appamiarum
1275 2434 1335 2470 di.,
1353 2443 1391 2465 ac
1407 2434 1534 2465 archid.
1551 2435 1704 2466 Redden.
1723 2434 1759 2464 in
1778 2433 1923 2472 ecclesia
1940 2432 2167 2465 Narbonensi.
2180 2432 2232 2474 (A.
2243 2434 2296 2468 29,
2307 2433 2330 2464 f.
2340 2434 2381 2464 95
2393 2437 2423 2469 ⁸;

818 2487 854 2518 V.
871 2488 920 2524 85,
939 2496 990 2526 ep.
1008 2488 1074 2526 28.)

856 2537 993 2570 29894.
1018 2559 1057 2563 -
1074 2542 1231 2582 Meynrico
1251 2542 1332 2572 dicto
1353 2541 1539 2573 Mornewerh
1562 2551 1657 2582 prov.
1681 2550 1799 2573 canon.
1818 2541 1882 2572 sub
1908 2549 2003 2581 exsp.
2025 2540 2127 2580 praeb.
2148 2541 2230 2572 eccl.
2251 2539 2423 2572 Hambur-

813 2595 940 2634 gensis,
956 2595 1153 2626 Bremensis
1172 2596 1218 2626 di.
1236 2612 1274 2617 -
1293 2596 1331 2627 In
1348 2605 1376 2628 e.
1395 2605 1440 2628 m.
1460 2605 1536 2635 ep.o
1559 2595 1828 2636 Razeburgensi‚
1847 2596 1880 2626 et
1901 2594 2015 2626 abbati
2035 2596 2181 2626 monast.
2198 2593 2426 2635 Reynnewel-

814 2648 941 2685 densis,
959 2648 1162 2680 Lubicensis
1182 2650 1241 2684 di.,
1264 2659 1301 2681 ac
1320 2650 1446 2681 Jacobo
1470 2650 1511 2681 de
1535 2650 1679 2685 Mutina,
1699 2649 1780 2681 eccl.
1808 2649 1984 2681 Tullensis
2005 2648 2186 2680 scolastico
2204 2650 2236 2680 et
2257 2648 2359 2688 Papae
2374 2656 2425 2679 ca-

815 2702 962 2742 pellano.
984 2702 1036 2740 (A.
1053 2703 1105 2739 29,
1125 2703 1147 2733 f.
1165 2704 1204 2734 98
1218 2708 1246 2740 ὃς
1270 2704 1305 2735 V.
1326 2705 1378 2742 85,
1402 2712 1455 2744 ep.
1470 2705 1537 2743 47.)

859 2753 997 2785 29895.
1015 2774 1054 2779 —
1076 2757 1206 2795 Joanni,
1222 2757 1316 2788 electo
1340 2757 1522 2795 Conchensi,
1540 2758 1713 2789 indultum
1730 2759 1767 2789 ut
1794 2766 1813 2789 a
1831 2766 2044 2797 quocumque
2060 2756 2207 2796 praesule
2225 2756 2424 2788 diaconatus

815 2810 848 2840 et
862 2809 1118 2849 presbyteratus
1142 2811 1279 2842 ordines
1307 2812 1417 2851 possit
1437 2812 1589 2851 recipere
1614 2820 1682 2843 una
1698 2811 1767 2849 die,
1788 2811 1948 2843 videlicet
1969 2810 2112 2842 sabbato
2133 2811 2278 2851 quatuor
2297 2811 2424 2849 tempo-

815 2871 890 2893 rum
905 2863 1060 2902 proxime
1079 2866 1232 2896 venturo.
1251 2865 1304 2906 (A.
1324 2867 1376 2905 29,
1394 2865 1417 2896 f.
1438 2866 1495 2897 108
1511 2871 1539 2902 ⁸5
1562 2865 1595 2896 V.
1614 2867 1666 2903 85,
1686 2874 1738 2906 ep.
1758 2865 1824 2906 54.)

846 2981 870 3005 1.
887 2980 957 3010 Reg.
977 2980 1044 3006 Vat.
1062 2989 1092 3004 =
1110 2988 1140 3005 1v
1156 2980 1215 3006 kal.
1234 2981 1371 3007 octobris.
