2606 3490
258 424 364 452 Datum
381 418 566 452 Avenione.

260 632 298 660 13
311 631 375 668 (id.)
390 634 460 668 sept.
481 631 569 660 1327.

356 677 388 704 T.
408 677 464 704 xx.

369 990 412 1035 ⁴Ut
431 1014 455 1034 s.

324 1052 355 1079 T.
372 1051 418 1085 XI,
435 1051 507 1079 XIII.

376 1328 412 1356 Ut
434 1336 458 1355 s.

268 1373 299 1401 T.
318 1373 354 1400 XI
371 1373 414 1407 ¹l2,
434 1372 496 1400 XIII
515 1373 560 1406 ¹l2.

378 1759 414 1786 Ut
434 1767 459 1787 s.

323 1804 354 1831 T.
373 1803 420 1837 XI,
436 1803 508 1830 XIII.

376 1973 412 2002 Ut
438 1982 462 2001 s.

359 2019 391 2047 T.
412 2019 483 2046 XVI.

382 2243 418 2270 Ut
438 2250 462 2270 s.

368 2287 399 2315 T.
420 2287 477 2316 XX.

387 2457 422 2484 Ut
438 2465 462 2484 s.

325 2501 356 2528 T.
373 2501 432 2535 XII,
452 2501 522 2528 XIV.

393 2887 428 2915 Ut
447 2895 472 2915 s.

335 2932 365 2959 T.
386 2932 446 2965 XII,
467 2931 537 2959 XIV.

620 331 795 363 JOANNIS
818 331 938 363 PAPAE
959 331 1062 363 XXII.
1087 334 1337 372 (1316-1334).
1361 350 1400 356 —
1422 332 1609 364 LITTERAE
1632 332 1858 364 COMMUNES
2248 333 2268 363 9

658 525 752 564 gario
777 525 956 566 Maynardi
974 533 1012 556 ac
1037 524 1231 557 Raimundo
1253 524 1294 555 de
1317 532 1346 555 s.
1364 524 1522 561 Martino,
1544 532 1619 556 can.
1644 524 1840 556 Narbonen.
1860 524 1914 565 (A.
1932 526 1984 560 30,
2001 524 2024 556 f.
2043 526 2105 556 662
2118 529 2147 562 ι;
2168 524 2202 555 V.
2216 525 2268 563 87,

659 587 711 618 ep.
730 579 836 617 2535.)

705 629 841 661 29803.
858 650 897 655 -
924 630 1116 662 Westlarien.
1135 635 1165 661 et
1187 629 1391 671 Wilburqen„
1408 630 1569 662 Treveren.
1589 630 1648 666 di..
1667 630 1804 667 decanis,
1822 640 1858 661 ac
1873 630 2036 661 scolastico
2053 630 2155 671 ejusd.
2178 630 2270 662 Wesc-

661 684 772 716 cariem.
791 684 862 716 eccl.
882 685 996 716 mand.
1015 685 1053 716 ut
1072 684 1221 716 Henrico
1236 683 1382 716 Gilberti
1402 684 1592 715 Schouhals
1612 684 1700 719 mil.‚
1718 684 1800 716 cler.
1820 684 1996 716 Colonien.
2015 684 2076 722 di.,
2098 684 2273 716 conferant

659 739 795 779 paroch.
811 738 892 770 eccl.
912 739 947 769 iu
964 737 1108 775 Kecche,
1123 738 1231 777 ejusd.
1253 737 1313 772 di.,
1332 738 1471 777 propter
1494 737 1662 769 diutinam
1678 737 1890 769 vacationem
1913 737 2088 769 collationi
2107 738 2140 769 S.
2159 739 2200 770 A.
2220 738 2274 770 de-

660 792 823 829 volutam,
845 800 888 823 ex
906 799 946 822 eo
963 791 1054 831 quod
1069 800 1103 822 n.
1126 800 1158 822 v.
1180 790 1392 829 Salentinus‚
1416 791 1518 822 d.nus
1542 790 1583 822 de
1606 790 1785 832 Isenburg,
1805 791 1914 832 ejusd.
1935 790 1995 829 di.,
2017 791 2116 823 dictae
2135 791 2271 831 paroch.

660 845 740 877 eccl.
758 846 933 884 patronus,
950 853 1026 876 eam
1045 844 1196 880 siffrido,
1216 846 1294 876 nato
1320 853 1395 882 suo,
1418 844 1508 875 infra
1532 845 1711 884 septenum
1734 844 1920 876 constituto
1937 846 1971 876 et
1994 844 2145 876 clericali
2165 853 2274 876 carac-

659 900 730 930 tere
744 898 886 929 minime
909 898 1086 938 insignito,
1103 897 1232 938 absque
1250 898 1322 929 ulla
1338 898 1492 938 dispens.
1512 898 1713 938 assignavit.
1735 898 1785 936 (A.
1803 899 1855 934 29,
1875 898 1899 929 f.
1915 899 1954 930 82
1970 903 2004 936 ⁸3
2029 897 2062 930 V.
2080 899 2133 936 85,
2147 907 2199 938 ep.
2218 899 2256 930 10
2263 907 2273 935 ;

659 951 847 984 Sauerland
861 950 1091 992 (Rheinlande),
1106 953 1130 983 t.
1149 951 1194 989 II,
1212 960 1245 992 p.
1261 953 1313 989 66,
1328 961 1361 983 n.
1379 953 1484 990 1262.)

699 1001 844 1043 29304.
863 1022 901 1028 -
918 1004 1047 1045 Huqom'
1063 1004 1102 1035 de
1119 1005 1254 1046 Floyras
1271 1005 1407 1036 collatio
1427 1004 1564 1045 paroch.
1587 1005 1668 1036 eccl.
1688 1005 1728 1036 de
1742 1004 1984 1045 Combannga,
2002 1005 2194 1037 Ruthenen.
2213 1005 2274 1043 di.,

659 1067 720 1098 per
747 1057 879 1090 obitum
904 1057 1065 1090 Gasberti
1095 1058 1270 1090 Benedicti
1299 1067 1354 1099 ap.
1382 1059 1415 1091 S.
1441 1059 1482 1090 A.
1516 1058 1643 1098 praevia
1670 1066 1798 1090 reserv.
1826 1067 1912 1096 vac„
1944 1058 2074 1090 consid.
2098 1058 2278 1090 Gaucelini

661 1120 709 1143 ss.
730 1111 922 1143 Marcellini
939 1113 971 1143 et
986 1112 1081 1144 Petri
1103 1111 1217 1152 presb.
1237 1113 1342 1150 card„
1359 1112 1457 1153 quus
1479 1113 1579 1152 Hugo
1595 1112 1676 1143 cler.
1696 1113 1729 1143 et
1746 1112 1856 1143 famil.
1877 1112 1993 1144 existit
2000 1122 2009 1149 3
2034 1121 2103 1144 non
2119 1112 2204 1144 obst.
2222 1120 2276 1144 ca-

661 1174 740 1198 non.
756 1166 789 1197 et
811 1165 993 1206 praebenda
1018 1166 1055 1197 in
1076 1166 1157 1198 eccl.
1176 1175 1204 1197 s.
1225 1166 1381 1202 Vedasti,
1398 1166 1619 1198 Suessionen.
1636 1165 1682 1197 di.
1699 1183 1737 1188 —
1759 1166 1786 1197 Ι.
1807 1174 1837 1197 e.
1861 1174 1907 1197 m.
1924 1165 2050 1197 archid.
2068 1166 2228 1201 Melden.‚
2244 1166 2277 1198 et

661 1219 792 1250 cantori
807 1219 1014 1257 Ruthenen.,
1031 1228 1068 1251 ac
1083 1219 1269 1252 Gaucelmo
1283 1220 1439 1257 Joannis,
1459 1228 1533 1251 can.
1552 1221 1731 1251 Caturcen.
1758 1219 1994 1251 ecclesiarum.
2012 1219 2064 1258 (A.
2083 1221 2134 1256 29,
2152 1220 2175 1250 f.
2191 1220 2232 1251 86
2247 1224 2276 1256 ⁸3

666 1273 703 1304 V.
720 1274 772 1311 85,
789 1282 842 1313 ep.
859 1274 924 1312 17.)
949 1306 953 1308 ,

706 1323 845 1356 29805.
870 1345 908 1351 —-
925 1327 1031 1363 Petro,
1057 1327 1169 1368 quond.
1190 1326 1321 1358 Orlandi
1341 1326 1378 1357 de
1401 1326 1634 1358 Vallemontone
1649 1326 1770 1363 militis,
1796 1335 1868 1358 can.
1897 1326 2009 1366 plebis
2033 1327 2074 1358 de
2096 1325 2277 1364 Sarmatia,

662 1380 814 1412 Paduan.
840 1381 901 1416 di.,
919 1381 1028 1421 grafia
1045 1389 1136 1421 exsp.
1160 1380 1271 1412 benef.
1290 1390 1318 1412 c.
1336 1390 1365 1412 c.
1383 1380 1438 1412 vel
1461 1389 1490 1412 s.
1507 1390 1550 1418 c.,
1567 1381 1705 1412 etiamsi
1719 1381 1827 1421 dign„
1841 1380 1897 1412 vel
1915 1380 1971 1412 off.
1992 1381 2050 1411 aut
2075 1380 2280 1420 personatus

661 1434 800 1472 existat,
819 1434 1003 1466 dummodo
1025 1443 1093 1466 non
1112 1435 1158 1465 sit
1181 1434 1384 1474 principalis
1404 1435 1439 1465 in
1459 1435 1538 1466 eccl.
1562 1435 1753 1475 collegiata,
1771 1434 1894 1474 pertin.
1915 1434 1957 1465 ad
1981 1434 2139 1474 disposit.
2158 1433 2227 1473 ep.i
2248 1434 2281 1465 et

661 1488 764 1528 capit.
782 1488 979 1526 Cassinen.;
1002 1497 1069 1520 non
1094 1488 1182 1520 obst.
1205 1488 1462 1520 canonicatibus
1485 1490 1518 1520 et
1539 1488 1732 1529 praebendis
1759 1489 1795 1519 in
1819 1487 1918 1528 plebe
1935 1488 1976 1519 de
2001 1488 2172 1520 Sarmatia
2192 1488 2224 1518 et
2245 1487 2281 1518 in

661 1542 743 1573 eccl.
760 1542 793 1574 S.
810 1542 854 1573 M.
873 1542 914 1573 de
931 1544 1060 1574 Arzera
1075 1541 1211 1583 majori,
1228 1551 1266 1573 ac
1281 1542 1389 1573 rurali
1405 1543 1485 1574 eccl.
1501 1543 1534 1574 S.
1551 1543 1595 1574 M.
1613 1543 1653 1573 de
1668 1542 1837 1579 Luniano,
1854 1542 2007 1573 Paduan.
2029 1542 2062 1573 et
2077 1541 2279 1573 Praenestin.

662 1595 722 1633 di.,
739 1597 792 1636 (36
809 1595 881 1627 flor.
900 1596 974 1627 auri
991 1596 1176 1627 secundum
1195 1596 1406 1627 taxationem
1427 1596 1567 1628 decimae
1588 1596 1755 1636 insimul).
1779 1615 1818 1619 —
1841 1596 1881 1627 In
1901 1604 1929 1627 e.
1945 1604 1991 1627 m.
2010 1603 2086 1635 ep.0
2105 1595 2281 1633 Paduano,

663 1651 696 1681 et
714 1649 829 1681 abbati
843 1650 1044 1682 monasterii
1069 1659 1115 1681 ss.
1133 1650 1278 1682 Andreae
1293 1651 1326 1681 et
1349 1650 1505 1691 Gregorii
1524 1651 1564 1682 de
1587 1650 1691 1687 Urbe,
1709 1659 1747 1681 ac
1764 1650 1872 1690 priori
1897 1658 1924 1681 s.
1944 1649 2088 1681 Joannis
2105 1649 2146 1680 de
2166 1649 2281 1681 Valle-

663 1706 838 1742 montone‚
853 1704 983 1744 Signin.
1003 1704 1049 1735 di.
1071 1704 1123 1743 (A.
1139 1705 1190 1740 29,
1209 1704 1231 1735 f.
1252 1706 1291 1735 99
1308 1704 1338 1740 b,
1360 1703 1394 1734 V.
1414 1706 1466 1742 85,
1483 1713 1535 1744 ep.
1554 1705 1620 1743 33.)

710 1754 849 1787 29806.
864 1757 1075 1788 —Ludovico
1092 1757 1129 1788 de
1153 1757 1343 1789 Brochusen.
1358 1758 1470 1789 collat.
1498 1766 1616 1789 canon.
1641 1758 1705 1788 sub
1733 1766 1827 1797 exsp.
1849 1756 1952 1797 praeb.
1974 1757 2053 1788 eccl.
2083 1757 2258 1789 Colonien.
2271 1765 2280 1793 3

666 1819 734 1842 non
756 1810 842 1842 obst.
873 1811 1132 1842 canonicatibus
1159 1812 1192 1843 et
1210 1810 1313 1851 praeb.
1332 1812 1369 1842 in
1391 1811 1542 1842 Minden.
1563 1812 1596 1842 et
1615 1810 1870 1842 Paderburnen.
1893 1810 2060 1842 ecclesiis.
2081 1828 2120 1833 —
2139 1811 2165 1841 Ι.
2188 1819 2217 1842 e.
2237 1818 2280 1841 m.

665 1874 770 1905 praep.
795 1874 823 1896 s.
852 1865 1007 1897 Severini
1031 1864 1221 1900 Colonien.,
1251 1865 1283 1896 et
1308 1865 1432 1905 ejusd„
1457 1873 1494 1895 ac
1515 1864 1642 1896 Jacobo
1669 1865 1709 1896 de
1734 1864 1878 1902 Mutina,
1907 1873 1980 1904 cap.
2007 1864 2118 1904 Papae,
2147 1864 2281 1895 Tullen.

667 1919 861 1950 scolasticis
879 1919 1113 1950 ecclesiarum.
1134 1918 1186 1959 (A.
1205 1920 1257 1956 29,
1275 1918 1298 1949 f.
1317 1919 1375 1950 100
1392 1923 1421 1955 ³3
1446 1918 1477 1948 V.
1495 1920 1545 1955 85,
1561 1927 1614 1957 ep.
1629 1920 1695 1957 41.)

711 1970 850 2002 29807.
868 1989 907 1995 —
922 1973 1039 2011 Praep.,
1056 1977 1085 2003 et
1100 1972 1215 2003 decano
1230 1982 1255 2004 s.
1273 1972 1417 2010 Joanm's‚
1431 1982 1466 2002 ac
1481 1972 1648 2013 Ludolpho
1666 1972 1703 2002 de
1719 1971 1937 2013 Bissendorpe,
1957 1982 2024 2002 can.
2042 1971 2174 2012 majoris
2192 1971 2285 2002 Osna-

669 2026 798 2066 burqen.
819 2026 1027 2062 ecclesiarum,
1045 2027 1157 2058 mand.
1186 2035 1247 2065 pro
1271 2026 1471 2058 executione
1495 2026 1721 2066 quarumdam
1737 2026 1985 2057 sententiarum
2004 2026 2153 2057 latarum
2170 2025 2285 2056 favore

668 2089 702 2111 n.
718 2090 763 2111 m.
778 2080 924 2120 Sophiae,
943 2081 1053 2112 viduae
1070 2080 1242 2120 quondam
1260 2079 1452 2111 Hilleboldi
1470 2080 1606 2111 comitis
1622 2080 1657 2110 in
1674 2080 1897 2116 Brochusen.,
1915 2081 2073 2112 Bremen.
2091 2079 2152 2117 di.,
2168 2080 2286 2110 contra

668 2143 701 2166 n.
718 2143 749 2165 V.
770 2134 941 2172 Ottonem,
960 2134 1118 2165 comitem
1135 2134 1172 2165 in
1187 2133 1397 2171 Brochusen,
1417 2134 1491 2174 eJus
1509 2135 1638 2171 natum,
1659 2142 1761 2173 super
1779 2134 1996 2165 restitutione
2013 2133 2180 2164 bonorum
2194 2133 2285 2164 dota-

668 2187 754 2219 lium
770 2197 829 2227 per
847 2187 918 2219 vim
939 2187 1145 2219 ablatorum.
1165 2188 1217 2226 (A.
1237 2189 1288 2225 29,
1308 2188 1389 2219 f.·98
1407 2193 1436 2223 ³3
1462 2187 1498 2219 V.
1519 2189 1570 2225 85,
1591 2197 1642 2228 ep.
1661 2189 1728 2227 43.)

715 2238 853 2271 29808.
875 2259 910 2264 —-
926 2241 1097 2272 Abbatibus
1115 2246 1245 2273 monast.
1263 2241 1300 2272 dc
1318 2241 1513 2279 cancellata,
1530 2245 1558 2272 et
1574 2241 1677 2273 saecul.
1696 2241 1911 2279 Albaterren„
1930 2241 2163 2282 Petraqoricen.
2181 2240 2238 2276 di.,
2251 2250 2287 2270 ac

672 2295 841 2327 Guillermo
863 2295 1003 2333 Gibram‘,
1023 2305 1091 2326 can.
1116 2296 1351 2337 Petraqoricen.
1370 2294 1578 2331 ecclesiarum,
1603 2295 1717 2327 mand.
1741 2304 1801 2335 pro
1827 2295 2019 2334 receptione
2036 2295 2183 2332 Alaidis,
2203 2295 2288 2325 natae

669 2349 853 2382 Guillermi
869 2349 1064 2381 Grimoardi
1081 2349 1255 2381 domicelli
1271 2349 1523 2389 Petragoricen.
1543 2349 1603 2383 di.,
1621 2349 1742 2388 puellae
1759 2349 1926 2386 litteratae,
1946 2349 1982 2379 in
2000 2349 2199 2380 monacham
2216 2356 2287 2387 mo-

671 2405 758 2434 nast.
783 2403 986 2434 monialium
1005 2403 1045 2434 de
1063 2403 1209 2443 Albuga,
1229 2404 1267 2435 O.
1288 2404 1321 2435 S.
1342 2404 1396 2441 B.,
1415 2403 1513 2434 dictae
1530 2403 1576 2434 di.
1597 2403 1650 2443 (A:
1669 2404 1720 2438 29,
1741 2403 1763 2434 f.
1779 2405 1818 2434 97
1839 2402 1869 2439 1³3
1891 2402 1925 2434 V.
1943 2403 1995 2439 85,
2014 2411 2067 2442 ep.
2085 2403 2152 2441 44.)

717 2454 856 2486 29809.
873 2475 912 2479 -
931 2456 1095 2488 Bernardo
1117 2457 1206 2487 Lulli
1223 2457 1360 2488 collatio
1379 2457 1559 2488 archidiac.
1582 2456 1619 2488 B.
1641 2456 1685 2487 Μ.
1704 2457 1744 2487 de
1762 2457 1848 2487 Mari
1866 2457 1901 2487 in
1919 2456 2000 2487 eccl.
2019 2455 2289 2487 Barchinonensi

672 2519 701 2542 c.
720 2520 748 2542 c.
770 2519 830 2550 per
846 2511 1097 2551 promotionem
1116 2511 1260 2542 Arnaldi
1276 2511 1344 2550 ep.i
1362 2510 1550 2542 Ilerdensis
1569 2519 1620 2549 ap.
1639 2511 1672 2541 S.
1685 2511 1725 2541 A.
1746 2510 1874 2550 praevia
1894 2519 2020 2541 reserv.
2035 2510 2204 2545 vacantis;
2223 2517 2291 2540 non

675 2564 763 2596 obst.
781 2573 900 2596 canon.
918 2566 950 2596 et
973 2565 1077 2604 praeb.
1093 2565 1127 2595 in
1154 2565 1234 2596 eccl.
1253 2564 1514 2600 Barchinonem,
1534 2564 1689 2603 portione
1715 2564 1749 2594 in
1774 2564 1939 2595 Toletana
1965 2565 1996 2594 et
2023 2571 2142 2594 canon.
2160 2563 2195 2593 in
2212 2562 2286 2594 ead.

675 2618 740 2649 sub
766 2627 862 2657 exsp.
889 2618 993 2658 praeb.
1020 2627 1097 2649 cum
1122 2617 1451 2658 praestimonialibus
1474 2618 1663 2653 beneficiis,
1681 2619 1712 2648 et
1739 2625 1857 2648 canon.
1881 2617 1916 2647 in
1939 2617 2084 2648 Ilerden.
2110 2616 2173 2646 sub
2192 2624 2287 2655 exsp.

674 2671 778 2712 praeb.
798 2673 831 2703 et
853 2672 1086 2711 praepositurae
1111 2673 1272 2703 mensatae
1298 2681 1326 2703 s.
1345 2681 1387 2707 c.,
1406 2680 1444 2702 ac
1466 2671 1585 2711 capell.
1605 2671 1685 2702 eccl.
1708 2680 1736 2702 s.
1753 2671 1891 2702 Martini
1906 2671 1946 2701 de
1970 2670 2094 2704 Fuxio‚
2108 2668 2288 2700 Barchino-

678 2734 755 2756 nen.
773 2725 837 2762 di.;
865 2726 1000 2765 paroch.
1032 2725 1114 2756 eccl.
1135 2726 1176 2756 de
1201 2725 1399 2763 Villabella,
1421 2725 1688 2756 Terraconensis
1713 2725 1772 2761 di.,
1795 2724 1955 2755 dimittat.
1973 2741 2012 2746 —
2029 2724 2069 2754 In
2091 2732 2118 2754 e.
2143 2731 2188 2753 m.
2215 2730 2291 2762 ep.o

677 2779 858 2816 ilerdensi,
878 2780 910 2810 et
926 2779 1032 2818 priori
1056 2779 1205 2810 &Pauli
1230 2779 1492 2814 Barchinonen.‚
1510 2780 1610 2818 atque
1634 2778 1760 2809 archid.
1783 2778 1954 2818 Urgellen.
1975 2778 2008 2808 et
2027 2775 2292 2807 Vallisandorrae

677 2832 713 2863 in
733 2831 814 2863 eccl.
834 2833 1008 2872 Urgellen.
1026 2833 1078 2871 (A.
1094 2834 1146 2869 29,
1162 2833 1182 2864 f.
1204 2834 1262 2865 106
1282 2832 1312 2870 1’;
1334 2832 1367 2863 V.
1383 2833 1434 2869 85,
1453 2841 1505 2872 ep.
1522 2834 1587 2871 53.)

725 2882 861 2914 29810.
877 2903 915 2908 —
935 2885 1092 2917 Galhardo
1109 2886 1145 2917 de
1164 2886 1372 2923 Cardalkaco,
1393 2886 1520 2917 archid.
1540 2886 1675 2916 Dunen.
1693 2885 1728 2915 in
1744 2884 1825 2915 eccl.
1845 2884 2026 2915 Carnoten.
2040 2891 2077 2913 ac
2094 2882 2292 2922 cap-Papae,

682 2938 804 2970 induit.
824 2939 865 2970 de
882 2939 1111 2979 percipiendis
1128 2939 1297 2971 fructibus
1315 2939 1469 2971 omnium
1485 2938 1728 2970 beneficiorum
1747 2946 1887 2968 suorum
1905 2937 1947 2967 ad
1964 2935 2162 2972 triennium,
2178 2936 2212 2966 in
2230 2935 2292 2966 ali-

680 3000 748 3031 quo
764 3000 883 3023 eorum
899 2993 1078 3024 residendo
1096 2994 1150 3025 vel
1176 2993 1366 3025 insistendo
1392 2992 1586 3023 litterarum
1615 2991 1740 3023 studiis
1766 2990 1819 3021 vel
1839 2990 1873 3020 in
1892 2998 2032 3021 romana
2051 2989 2145 3020 curia
2162 2997 2294 3020 moram

681 3044 858 3076 trahendo.
876 3063 912 3067 —
929 3045 955 3076 1.
974 3054 1003 3077 e.
1018 3055 1063 3078 m.
1082 3046 1209 3078 decano
1235 3055 1263 3079 s.
1283 3046 1445 3086 Stephani
1469 3046 1509 3077 de
1534 3046 1686 3076 Tescone
1709 3042 1962 3080 Montisalban„
1982 3043 2014 3074 et
2037 3042 2207 3074 Bernardo
2226 3043 2293 3073 Hu-

397 3097 543 3125 JOANNIS
564 3097 647 3125 XXII.
666 3113 702 3118 ——
721 3098 752 3124 T.
773 3097 833 3125 VII.
2137 3095 2155 3122 2
