2606 3490
384 348 424 386 66

411 435 515 462 Datum
540 428 726 462 Avenione.

451 909 491 936 25
506 917 568 937 nov.
589 908 680 943 1327.

452 956 507 988 (vn
527 954 585 981 kal.
604 954 679 987 dec.)

474 999 503 1026 T.
522 999 568 1030 XI,
584 998 656 1026 XIII.

525 1176 560 1203 Ut
580 1184 603 1203 s.

378 1692 382 1697 .
449 1657 489 1685 26
505 1665 569 1685 nov.
590 1656 677 1685 1327.

460 1704 501 1737 (VI
514 1702 572 1730 kal.
591 1702 665 1736 dec.)

467 1746 498 1774 T.
515 1746 561 1780 XI,
582 1747 654 1774 XIII.

520 1872 557 1900 Ut
577 1880 601 1900 6.

508 1917 538 1944 Τ.
556 1917 612 1945 ΧΧ.

523 2086 559 2113 Ut
575 2094 598 2113 s.

468 2130 499 2157 T.
517 2130 562 2164 XI,
579 2130 650 2158 XIII.

520 2459 557 2487 Ut
574 2468 598 2487 s.

414 2503 445 2531 T.
461 2503 497 2531 XI
516 2507 561 2538 ¹s2‚
582 2505 643 2532 XIII
660 2505 706 2541 ¹l2·

516 2886 552 2914 Ut
572 2895 596 2914 s.

497 2931 527 2958 T.
547 2931 617 2959 XVI.

2343 0 2349 2 “
2365 7 2368 8 ’
2429 0 2533 25 “’·’ῑ“ζΨ1ῐ”Ρ
2538 0 2606 142 ζἾ

2602 162 2606 175 1

789 339 963 371 JOANNIS
986 339 1104 369 PAPAE
1127 338 1229 368 XXII.
1252 336 1500 378 (1316-1334).
1523 354 1561 359 —
1584 335 1772 366 LITTERAE
1794 334 2020 368 COMMUNES

812 532 939 567 existit,
962 531 1082 570 pertin.
1103 531 1144 561 ad
1167 530 1279 561 collat.
1300 528 1472 569 praepositi
1497 526 1695 559 monasterii
1714 527 1755 558 de
1779 527 1983 566 Cambonio,
2003 536 2064 568 per
2082 537 2185 568 praep.
2209 528 2303 560 soliti
2323 527 2418 569 gub„

811 586 849 618 O.
871 585 904 616 S.
926 586 977 621 Β.,
1002 584 1214 615 Lemovicen.
1241 583 1299 619 di.,
1327 591 1397 612 vac.
1421 590 1480 621 per
1504 581 1793 612 consecrationem
1819 581 1998 617 Ber-nardi,
2022 581 2091 621 ep.i
2112 581 2327 618 Aniciensis3
2351 590 2420 613 non

812 639 898 670 obst.
916 639 951 668 in
966 638 1193 674 Lemovicen.,
1213 636 1360 667 Melden.
1382 637 1414 666 et
1436 635 1634 671 Dauraten„
1652 634 1749 666 dictae
1767 634 1826 670 di.,
1844 634 1925 666 6661.
1947 643 2066 666 canon.
2083 636 2116 666 et
2135 635 2254 675 praeb.‚
2273 643 2311 666 ac
2325 635 2418 675 prio-

811 692 942 724 ratibus
958 692 998 722 de
1014 690 1188 721 Mansanis
1204 691 1236 720 et
1252 689 1292 720 (16
1304 689 1438 725 Τ10661,
1453 687 1603 727 praefatae
1619 688 1679 725 di.,
1692 697 1719 719 6.
1732 697 1774 726 c.,
1789 687 1847 728 qui
1864 696 1925 719 nec
1936 688 2028 728 dign.
2040 696 2102 720 nee
2117 690 2319 728 personatus
2330 689 2418 720 exis-

811 747 897 782 tunt,
917 744 1088 775 consuetis
1107 752 1167 783 per
1183 742 1363 774 saeculares
1382 742 1461 773 cler.
1483 741 1562 782 gub.
1581 759 1619 764 ——
1639 742 1666 773 I.
1687 750 1716 773 e.
1736 750 1782 773 m.
1798 741 1906 781 priori
1929 742 1971 773 de
1985 741 2148 781 Albenca,
2162 742 2338 774 Caturcen.
2357 742 2418 780 (11..

812 801 844 830 et
867 798 1003 838 Hugoni
1026 797 1065 828 de
1090 796 1258 831 Cornelio,
1277 797 1468 831 Caturcen„
1487 803 1525 826 ac
1543 795 1692 827 Guidoni
1716 795 1756 827 de
1774 794 1975 832 ErboleriiS,
1997 795 2211 827 Lemovicen.
2239 796 2320 828 eccl.
2343 804 2418 827 can.

811 852 864 893 (A.
881 853 933 889 31,
951 851 972 881 f.
992 852 1051 881 277
1068 856 1099 886 a,
1121 850 1158 881 V.
1174 851 1226 887 88,
1243 858 1295 888 ep.
1313 848 1421 886 3152.)

855 902 992 934 30516.
1008 922 1045 927 -
1061 903 1189 944 Huyom'
1202 902 1239 933 de
1256 902 1379 943 Ruppe,
1398 912 1477 933 mon.
1494 906 1626 938 monast.
1640 902 1812 943 Fiqiacen.‚
1828 901 1972 934 Cluniae.
1990 901 2071 939 ord„
2085 901 2248 934 Caturcen.
2267 901 2325 939 di.,
2343 911 2419 943 gra-

809 959 858 990 tia
873 968 967 998 exsp.
981 958 1085 997 dign.,
1099 957 1153 987 vel
1171 957 1378 994 administr.,
1396 965 1457 987 seu
1472 956 1655 996 prioratus,
1672 957 1725 987 vel
1740 958 1954 996 personatus,
1968 957 2026 987 aut
2042 955 2096 987 off.
2113 956 2168 987 vel
2183 955 2293 988 benef.
2312 956 2419 988 eccle-

811 1014 906 1044 siast.
925 1022 952 1042 c.
968 1022 995 1043 6.
1016 1012 1069 1042 vel
1085 1020 1112 1042 6.
1132 1020 1158 1041 c.
1177 1012 1249 1048 (100
1265 1011 1287 1041 l.
1306 1010 1359 1048 t.),
1379 1001 1422 1041 ad
1438 1009 1571 1041 abbatis
1584 1012 1615 1041 et
1636 1019 1732 1042 conv,
1749 1010 1832 1041 dicti
1846 1011 1991 1041 monast.
2009 1009 2272 1050 dispositionem
2292 1009 2417 1050 pertin.

809 1086 848 1090 —
865 1067 891 1097 Ι.
914 1076 942 1097 c.
968 1075 1012 1096 m.
1034 1066 1161 1096 decano
1186 1063 1424 1100 Colimbrien„
1443 1065 1475 1094 et
1502 1064 1707 1104 Raymundo
1731 1064 1772 1095 de
1799 1063 1910 1101 Serra,
1930 1063 2090 1100 fierden..
2111 1071 2149 1094 ac
2165 1063 2353 1095 Bertrando
2377 1063 2419 1096 de

810 1121 929 1158 Turre,
948 1119 1119 1159 Urgellen.
1143 1127 1214 1149 can.
1233 1118 1313 1149 eccl.
1329 1117 1382 1156 (A.
1398 1119 1448 1155 29,
1470 1118 1492 1148 f.
1508 1119 1567 1149 475
1581 1123 1609 1153 ’ς
1633 1117 1669 1149 V.
1688 1119 1738 1155 85,
1755 1126 1808 1158 ep.
1825 1118 1911 1158 696.)

855 1171 991 1203 30517.
1008 1191 1046 1195 -
1065 1172 1232 1212 Arclziep.o
1256 1171 1443 1212 Maquneino
1466 1171 1579 1203 mand.
1604 1173 1641 1202 ut
1667 1171 1798 1202 relaxet
1819 1171 2046 1208 interdictum,
2071 1171 2126 1202 cui
2149 1170 2302 1210 subjacet
2322 1170 2420 1202 locus

811 1229 845 1258 in
863 1226 1066 1266 Onalspach,
1083 1225 1304 1265 Herbipolen.
1323 1225 1382 1261 di.,
1398 1234 1440 1256 ex
1457 1234 1495 1256 eo
1515 1225 1605 1264 quod
1621 1224 1857 1256 vicedominus
1873 1233 1932 1256 seu
1954 1224 2102 1256 vicarius
2117 1224 2283 1256 Ludovici
2298 1223 2339 1255 de
2358 1225 2421 1256 Ba-

809 1282 914 1317 varia,
930 1281 1039 1311 hostis
1058 1281 1090 1310 et
1113 1279 1251 1310 rebellis
1272 1280 1311 1310 E.
1330 1279 1386 1316 R„
1410 1279 1597 1310 Henricum
1619 1279 1794 1316 decanum,
1815 1278 2037 1310 Markardum
2058 1278 2222 1314 thesaur„
2238 1279 2270 1309 et
2293 1277 2420 1310 cunra-

809 1336 889 1366 dum
906 1335 946 1365 de
964 1333 1202 1373 Nortemberg,
1217 1333 1382 1364 Thomam
1399 1334 1430 1364 et
1451 1333 1638 1364 Henrieum
1654 1333 1694 1364 de
1711 1332 1856 1364 Hostein
1871 1332 2064 1368 canonicos,
2084 1333 2186 1372 atque
2202 1331 2288 1363 alias
2305 1339 2419 1371 perso·

810 1398 871 1420 nas
895 1388 974 1419 eccl.
1000 1388 1114 1427 oppidi
1135 1387 1359 1426 Onalspacen.
1382 1386 1547 1426 captivari
1571 1386 1651 1417 fecit
1675 1387 1709 1417 et
1732 1386 1773 1418 de
1797 1386 1898 1417 bonis
1921 1394 2038 1417 eorum
2058 1386 2119 1417 200
2136 1385 2263 1417 march.
2285 1385 2420 1426 argenti

809 1442 962 1477 extorsit,
981 1442 1223 1480 dispensetque
1238 1449 1341 1480 super
1356 1440 1608 1480 irregularitate
1625 1448 1685 1480 per
1700 1439 1809 1471 dictos
1824 1439 2001 1475 decanum,
2017 1439 2166 1471 thesaur.
2187 1440 2221 1470 et
2238 1438 2420 1474 canonicos

809 1497 980 1527 contracta
999 1495 1085 1526 inibi
1103 1503 1164 1534 per
1182 1494 1251 1525 vim
1276 1496 1309 1525 et
1331 1496 1462 1526 metum
1485 1494 1603 1525 divina
1625 1493 1841 1531 celebrando,
1861 1493 2070 1525 instantibus
2090 1493 2230 1531 decano,
2246 1492 2363 1533 capit„
2381 1501 2420 1524 ac

809 1549 955 1590 singulis
969 1548 1140 1580 canonicis
1162 1549 1194 1579 et
1217 1548 1374 1587 personis
1391 1548 1471 1579 eccl.
1492 1547 1574 1579 dicti
1592 1547 1719 1587 oppidi,
1737 1556 1776 1578 ac
1797 1556 1830 1578 n.
1852 1556 1883 1578 v.
1906 1547 2090 1578 Ludowico
2108 1546 2231 1578 comite
2250 1547 2292 1578 de
2310 1546 2417 1579 Ottin-

809 1613 898 1644 gen.⁷
914 1602 1022 1642 ejusd.
1040 1602 1156 1641 oppidi
1174 1602 1322 1633 domino.
1343 1601 1396 1641 (A.
1413 1603 1466 1639 30,
1481 1601 1505 1633 f.
1526 1603 1566 1633 55
1578 1601 1608 1639 b;
1630 1600 1664 1633 V.
1682 1603 1734 1636 86,
1749 1610 1801 1640 ep.
1821 1602 1926 1640 1206.)

853 1654 991 1686 30518.
1017 1674 1054 1679 -
1079 1656 1223 1696 Huyueto
1245 1655 1307 1686 dou
1330 1655 1506 1687 Fraissinel
1526 1655 1638 1687 collat.
1663 1664 1782 1686 canon.
1812 1654 1875 1686 sub
1896 1663 1992 1694 exsp.
2016 1653 2120 1694 praeb.
2144 1654 2224 1686 eccl.
2245 1653 2283 1686 B.
2306 1653 2353 1685 Μ.
2376 1653 2419 1685 de

809 1711 971 1751 Cracayo,
990 1710 1176 1741 Bituricen.
1195 1709 1240 1741 di.
1261 1728 1299 1733 —
1315 1709 1342 1741 Ι.
1368 1718 1397 1740 6.
1415 1718 1460 1740 m.
1477 1709 1586 1749 priori
1608 1709 1648 1740 de
1666 1709 1851 1741 Silviniaco
1876 1710 1908 1740 et
1925 1709 1966 1739 de
1982 1708 2144 1746 Huriaco‚
2164 1707 2418 1740 claromonten.

809 1767 840 1796 et
856 1765 1041 1795 Bituricen.
1060 1764 1120 1802 di.,
1140 1772 1177 1795 ac
1199 1765 1237 1796 B.
1256 1764 1302 1795 M.
1322 1763 1426 1795 Medii
1446 1762 1646 1794 Monasterii
1662 1762 1847 1794 Bituricen.
1866 1762 2004 1793 decanis
2025 1761 2106 1793 eccl.
2128 1761 2181 1800 (A.
2198 1762 2250 1801 29,
2270 1760 2294 1793 f.
2311 1763 2370 1794 367
2385 1760 2419 1799 ὓς

813 1819 848 1850 V.
865 1819 916 1857 85,
933 1827 984 1857 ep.
1001 1818 1090 1857 471.)

852 1869 989 1901 30519.
1004 1890 1043 1894 —
1062 1871 1106 1902 De
1123 1871 1278 1902 Moritorio
1296 1871 1466 1902 Bituricen.
1492 1875 1521 1900 et
1542 1869 1579 1900 de
1602 1870 1726 1908 Lacroi,
1750 1869 1983 1901 Claromonten.
2010 1869 2068 1907 di.,
2085 1869 2256 1910 prioribus,
2281 1879 2316 1900 ac
2335 1872 2418 1900 cant.

808 1925 879 1956 eccl.
896 1926 1128 1966 Peli-aqorz‘cen.
1152 1926 1264 1957 mand.
1285 1934 1346 1965 pro
1372 1925 1555 1956 collatione
1579 1924 1716 1964 paroch.
1742 1925 1823 1955 6661.
1847 1924 1888 1955 (16
1906 1923 2060 1963 Loriges,
2083 1923 2335 1955 Claromonten.
2355 1922 2418 1960 di.,

809 1981 860 2018 (20
877 1980 900 2010 1.
918 1981 957 2018 t.)
977 1989 1036 2019 per
1058 1979 1189 2011 obitum
1212 1979 1396 2011 Guillermi
1412 1978 1467 2010 del
1483 1978 1600 2010 Vernh
1617 1987 1669 2018 ap.
1688 1978 1721 2009 S.
1739 1979 1780 2009 A.
1797 1978 1949 2009 defuncti
1964 1986 2050 2015 vac„
2066 1976 2256 2009 Guillermo
2271 1975 2419 2017 Leydiex·

807 2034 848 2065 de
866 2033 1033 2071 ForilheS‚
1052 2033 1131 2064 cler.
1151 2033 1338 2064 Bituricen.
1355 2032 1402 2063 di.
1420 2032 1471 2072 (A.
1489 2034 1542 2069 29,
1559 2031 1583 2062 f.
1603 2032 1664 2063 368
1681 2037 1709 2069 ⁸3
1736 2031 1771 2062 V.
1788 2032 1839 2069 85,
1856 2040 1908 2071 ep.
1925 2032 2013 2070 472.)

852 2084 989 2117 30520.
1005 2105 1043 2109 —
1058 2086 1233 2127 Reyinaldo
1250 2086 1287 2117 de
1299 2086 1439 2121 Carcuit,
1458 2085 1531 2116 cler.
1550 2085 1772 2126 Rothomaqen.
1790 2084 1847 2121 di.,
1865 2085 1974 2125 gratia
1989 2093 2083 2124 exsp.
2099 2083 2210 2115 benef.
2227 2083 2416 2115 ecclesiast.

806 2141 846 2181 (c.
865 2150 893 2171 6.
907 2142 945 2172 70
958 2141 1010 2171 vel
1023 2150 1050 2171 s.
1063 2150 1090 2172 6.
1111 2140 1185 2171 401.
1200 2140 1241 2179 t.)
1259 2141 1300 2171 ad
1317 2139 1452 2171 abbatis
1468 2140 1500 2170 et
1514 2148 1609 2171 conV.
1629 2140 1777 2175 monast.
1796 2147 1823 2170 s.
1841 2137 2116 2178 Wandregisilli,
2132 2138 2171 2170 Ο.
2189 2138 2223 2169 S.
2238 2137 2291 2174 Β.,
2305 2137 2416 2177 ejusd.

806 2194 865 2231 di.,
884 2194 1145 2233 dispositionem
1162 2194 1300 2234 pertin„
1317 2193 1353 2224 in
1369 2193 1415 2224 di.
1437 2193 1696 2233 Rothomagen.,
1716 2192 1852 2223 etiamsi
1868 2192 1973 2231 dign.,
1991 2191 2044 2223 vel
2060 2192 2266 2231 personatus
2282 2199 2343 2222 seu
2361 2190 2416 2223 off.

807 2248 947 2284 existat3
968 2249 1001 2278 in
1024 2248 1070 2278 di.
1095 2247 1274 2279 Ebroicen.
1298 2247 1469 2287 quoddam
1493 2248 1607 2278 autem
1629 2255 1722 2286 perp.
1745 2245 1857 2277 benef.
1877 2245 2066 2276 ecclesiast.
2088 2246 2129 2283 (c.
2151 2253 2180 2276 6.
2201 2246 2238 2276 15
2260 2245 2343 2284 1.1.)
2368 2244 2418 2276 di·
2465 2250 2471 2257 ⁶

806 2302 940 2332 mittere
958 2303 1102 2332 tenetur.
1119 2318 1158 2323 ——
1173 2302 1198 2332 I.
1217 2310 1246 2332 e.
1263 2310 1308 2332 m.
1330 2301 1457 2332 archid.
1475 2300 1620 2331 Minoris
1639 2300 1747 2332 Caleti
1768 2299 2030 2339 Rothomagen.,
2048 2300 2080 2330 et
2097 2298 2229 2330 cantori
2249 2298 2417 2329 Constan-

805 2355 901 2391 tien.,
917 2364 953 2386 ac
970 2364 1056 2394 mag.
1073 2355 1244 2386 Gaufredo
1262 2355 1303 2386 de
1319 2354 1545 2391 Brienchone,
1563 2362 1635 2385 can.
1653 2353 1762 2393 ejusd.
1778 2353 2021 2393 Rothomagen.
2037 2351 2117 2383 6661.
2132 2351 2186 2391 (A.
2204 2353 2255 2389 29,
2272 2351 2296 2383 f.
2314 2352 2376 2382 424
2387 2357 2416 2390 *ς

812 2407 843 2438 V.
864 2410 916 2446 85,
934 2418 985 2448 ep.
1004 2410 1088 2447 599.)

853 2459 989 2492 30521.
1009 2480 1047 2484 -
1064 2461 1243 2493 Hermanno
1261 2461 1299 2492 de
1324 2460 1467 2493 Monreal
1488 2460 1596 2502 gratia
1617 2469 1712 2500 exsp.
1730 2459 1967 2500 praestimonii,
1985 2460 2040 2491 vel
2061 2459 2169 2490 curtis
2192 2467 2255 2490 seu
2277 2458 2418 2490 decimae

806 2524 834 2546 6.
860 2525 902 2552 6.,
926 2515 1126 2547 obedientiae
1142 2517 1330 2556 vulgariter
1353 2517 1555 2555 nuncupatae
1577 2514 1631 2546 vel
1655 2513 1852 2553 nuncupati,
1872 2513 2044 2545 canonicis
2070 2512 2316 2552 praebendariis
2334 2511 2415 2543 eccl.

805 2570 973 2604 Bunnen.,
997 2570 1171 2601 Colonien.
1197 2570 1256 2606 di.,
1276 2569 1340 2600 sub
1364 2578 1477 2600 annua
1500 2568 1665 2608 pensione
1690 2567 1860 2607 assignari
1879 2566 2033 2598 consueti
2058 2566 2112 2597 vel
2136 2567 2324 2602 consuetae;
2349 2573 2418 2597 non

805 2622 892 2654 obst.
911 2623 945 2653 in
964 2624 1122 2663 praedicta
1140 2625 1292 2655 Bunnen.
1308 2623 1522 2655 thesauraria
1537 2624 1569 2653 et
1588 2631 1616 2653 s,
1635 2621 1768 2653 Florini
1786 2621 1821 2652 in
1837 2620 2050 2652 Confluentia
2064 2620 2212 2660 quodam
2227 2618 2416 2659 praestimo-

804 2676 874 2712 nio,
889 2679 988 2716 atque
1005 2677 1039 2707 in
1056 2677 1174 2708 eadem
1187 2678 1340 2708 Bunnen.
1355 2678 1388 2708 et
1402 2685 1429 2707 s.
1446 2675 1577 2708 Florini
1593 2673 1850 2706 canonicatibus
1861 2675 1893 2705 et
1906 2673 2111 2714 praebendis,
2123 2674 2157 2704 et
2172 2673 2206 2703 in
2220 2681 2248 2703 s.
2261 2671 2416 2704 Castoris

803 2729 837 2759 in
851 2730 940 2760 dicto
956 2730 1027 2761 loco
1042 2730 1082 2761 (16
1099 2731 1323 2769 Confluentia,
1340 2731 1523 2762 Treveren.
1543 2729 1601 2767 di.,
1618 2728 1700 2760 eccl.
1716 2728 1917 2760 canonicatu
1931 2727 1995 2758 sub
2013 2735 2108 2767 exsp.
2126 2726 2278 2766 praeb.—
2289 2726 2317 2757 Ι.
2328 2734 2413 2757 6.01.

803 2782 928 2813 decano
947 2791 974 2814 6.
995 2783 1150 2821 Andreae,
1167 2785 1199 2815 et
1212 2784 1362 2815 thesaur.
1381 2792 1409 2814 s.
1427 2782 1582 2815 Severini
1599 2782 1790 2819 Colonien.,
1807 2790 1845 2812 ac
1865 2789 1951 2820 mag.
1968 2780 2109 2812 NIcolao
2124 2780 2166 2811 de
2181 2779 2326 2815 Fractis,
2339 2787 2414 2810 can.

804 2836 978 2867 Patracen.
994 2837 1089 2873 eccl,
1105 2837 1172 2867 litt.
1190 2839 1298 2877 apost.
1317 2836 1510 2868 correctori.
1529 2836 1583 2877 (A.
1605 2837 1657 2875 29,
1677 2835 1701 2866 f.
1718 2836 1778 2867 497
1796 2834 1828 2872 ¹³3
1852 2834 1888 2866 V.
1903 2835 1955 2871 85,
1973 2843 2025 2874 ep.
2043 2834 2127 2873 752.)

848 2886 986 2918 30522.
1001 2908 1038 2912 -
1054 2890 1211 2920 Ludovico
1228 2900 1298 2931 ep.o
1316 2890 1554 2921 Monasteriensi
1570 2889 1716 2921 facultas
1736 2888 1980 2920 reconciliandi
1995 2896 2056 2927 per
2072 2887 2179 2919 alium
2194 2886 2413 2923 monasteria,

802 2943 964 2974 ecclesias
979 2944 1012 2974 et
1025 2944 1215 2975 caemeteria
1231 2944 1359 2975 violata
1373 2946 1472 2976 terrae
1486 2943 1619 2982 Frisiae,
1636 2951 1705 2974 suae
1720 2942 1780 2980 di.,
1797 2942 1840 2973 ad
1854 2950 1957 2982 quam
1972 2941 2040 2981 ipsi
2055 2942 2088 2973 et
2102 2938 2413 2981 praedecessoribus

802 2996 875 3026 suis
892 3005 1033 3028 securus
1049 3005 1206 3028 accessus
1223 3006 1290 3029 non
1307 2999 1427 3037 patuit.
1446 2998 1500 3038 (A.
1521 2999 1572 3035 29,
1590 2997 1613 3028 f.
1631 2997 1693 3028 542
1706 2996 1735 3033 ¹³3
1757 2995 1793 3027 V.
1808 2997 1859 3033 85,
1879 3004 1931 3036 ep.
1951 2996 2038 3033 839.)

2602 1083 2606 1096 ⁴.

2603 1110 2606 1122 I

2603 1150 2606 1181 i

2603 1190 2606 1203 Ι

2603 1215 2606 1236 ἰ

2603 1314 2606 1335 Ι

2600 1389 2606 1397 ,
