2606 3490
213 429 318 456 Datum
338 421 524 457 Avenione.

263 531 301 558 49
316 534 370 559 oct.
389 529 479 559 1327.

255 575 321 611 (xiv
336 574 396 603 kal.
410 574 489 610 nov.)

289 620 320 647 T.
338 618 452 647 vum&

334 799 370 826 Ut
390 806 414 825 s.

309 844 341 871 T.
361 842 432 870 XVI.

258 959 298 987 20
315 962 369 988 oct.
396 957 486 986 1327.

254 1004 322 1041 (xm
335 1003 394 1031 kal.
411 1002 490 1035 nov.)

303 1050 334 1076 T.
349 1048 443 1076 XXIV.

334 1120 370 1148 Ut
389 1128 412 1147 s.

300 1165 332 1192 T.
349 1163 446 1194 XXIV.

334 1227 371 1255 Ut
391 1235 414 1254 s.

285 1272 315 1300 T.
332 1271 379 1305 XI,
392 1270 464 1298 XIII.

263 1441 301 1468 2¹
321 1443 376 1468 oct.
395 1439 484 1467 1327.

258 1487 315 1522 (ιιι
330 1484 392 1514 kal.
407 1485 485 1518 nov.)

273 1531 304 1559 T.
324 1530 384 1564 XII,
400 1529 470 1557 XIV.

334 1655 370 1683 Ut
394 1663 419 1682 s.

309 1701 341 1728 T.
362 1700 443 1727 XXX.

335 1763 373 1791 Ut
391 1771 416 1790 s.

283 1809 316 1838 T.
336 1809 382 1841 XI,
398 1808 471 1836 XIII.

337 1979 372 2006 Ut
393 1987 417 2006 s.

324 2023 355 2051 T.
377 2023 434 2051 XX.

341 2140 377 2168 Ut
395 2148 420 2167 s.

313 2185 344 2212 T.
363 2185 444 2212 XXX.

343 2353 377 2381 Ut
394 2361 418 2380 s.

319 2398 350 2425 T.
372 2398 443 2426 XVI.

345 2460 382 2488 Ut
394 2468 418 2488 S.

281 2505 311 2532 T.
334 2505 390 2539 XL,
406 2505 488 2532 XLII.

350 2832 386 2860 Ut
405 2841 428 2860 s.

337 2877 368 2904 T.
383 2877 439 2904 XL.

351 2992 387 3020 Ut
401 3001 424 3019 s.

301 3036 332 3063 T.
350 3036 396 3070 XI,
411 3036 482 3064 XIII.

590 333 765 365 JOANNIS
789 334 908 365 PAPAE
930 334 1033 365 XXII.
1057 336 1308 373 (1316-1334).
1330 353 1369 358 —
1392 334 1580 365 LITTERAE
1603 335 1829 366 COMMUNES
2181 335 2221 366 43

660 525 799 558 30195.
814 546 854 550 —
866 528 1013 564 Joannes,
1030 526 1149 558 archid.
1166 525 1398 567 Notinqhamiae
1411 527 1445 557 in
1460 526 1532 558 eccl.
1546 526 1580 556 E
1581 526 1736 564 boracen„
1751 527 1787 558 in
1801 527 1989 559 sacerdotio
2003 528 2223 566 constitutus,

615 583 835 621 promovetur
853 582 895 612 ad
914 581 1147 621 episcopatum
1164 579 1345 617 Exonien.‚
1364 588 1425 620 per
1445 579 1577 611 obitum
1592 580 1725 617 Jacobi‚
1744 580 1781 612 in
1799 579 1956 620 partibus
1973 581 2045 612 illis
2062 581 2224 621 defuncti,

617 644 669 674 ap.
694 635 727 667 S.
746 636 788 666 A.
805 635 977 666 mediante
999 642 1126 666 reserV.
1148 642 1218 665 vac.
1246 651 1284 656 —
1305 633 1331 664 Ι.
1358 642 1387 665 6.
1414 642 1460 664 m.
1482 633 1583 673 capit.
1612 633 1693 664 eccl.
1716 633 1903 670 Exonien.;
1926 635 2052 675 populo
2082 636 2114 666 et
2136 636 2226 667 clero

617 688 711 719 civit.
727 690 760 719 et
777 688 824 719 di.
842 688 1026 724 Exonien.;
1043 687 1137 719 uniV.
1154 686 1316 718 vassallis
1331 686 1413 718 eccl.
1428 686 1613 724 Exonien.;
1628 686 1798 727 archiep.o
1810 687 2045 725 Cantuarien.;
2059 689 2226 722 Edwardo

617 742 687 782 regi
700 741 844 781 Angliae.
867 741 919 780 (A.
936 743 988 778 29,
1005 741 1029 771 f.
1048 741 1108 771 222
1123 740 1153 776 Β,
1174 740 1210 771 V.
1229 741 1280 777 85,
1296 749 1348 780 ep.
1366 741 1452 779 190.)

662 792 799 824 30126.
817 811 856 817 -
870 793 970 825 Heliae
989 794 1059 825 abb.
1076 798 1209 824 monast.
1227 804 1267 824 ss.
1289 793 1394 834 Serqii
1412 798 1441 824 et
1458 793 1559 824 Baebi
1573 794 1672 835 juxta
1690 794 1881 835 Andeqavis,
1900 794 1935 825 O.
1955 794 1991 827 S.
2008 795 2061 830 B„
2077 796 2229 828 testimo-

617 848 727 879 niales
742 847 991 879 benedictionis
1008 847 1077 888 ipsi
1095 856 1114 878 a
1129 848 1243 884 Petro,
1263 855 1340 887 ep.o
1361 847 1576 885 Praenestin.,
1600 848 1776 888 impensae.
1796 848 1848 886 (A.
1868 850 1921 885 30,
1941 848 1965 879 f.
1984 850 2042 880 125
2064 849 2078 870 b
2088 858 2098 885 ς
2124 849 2158 881 V.
2175 850 2226 888 86,

618 910 670 942 ep.
691 902 795 939 1375.)

664 952 800 984 30127.
819 973 858 978 —
875 955 915 986 N.
934 964 963 987 v.
984 954 1128 986 Arnaldo
1143 954 1181 985 de
1198 954 1366 995 Duroforti
1387 954 1462 986 d.no
1485 954 1668 996 Fessipodii,
1695 955 1856 996 Aqennen.
1873 955 1930 991 di„
1953 956 2074 988 indult.
2096 958 2134 988 ut
2152 966 2230 989 con-

619 1008 730 1040 fessor
744 1009 851 1040 semel
869 1009 903 1039 in
919 1008 1041 1040 mortis
1059 1009 1203 1040 articulo
1219 1009 1327 1049 possit
1346 1009 1378 1040 ei
1397 1009 1535 1049 plenam
1552 1009 1792 1040 remissionem
1813 1010 2029 1049 peccatorum
2047 1010 2230 1051 impertiri.

620 1061 672 1100 (A.
689 1063 741 1097 29,
759 1061 782 1092 f.
802 1063 860 1093 195
879 1067 907 1099 ⁵3
931 1061 964 1092 V.
979 1063 1030 1099 85,
1047 1071 1101 1102 ep.
1119 1062 1203 1101 132.)

663 1112 800 1144 30128.
823 1133 860 1138 -
880 1115 1019 1146 Olivario
1037 1115 1072 1146 de
1096 1115 1238 1157 Inqbam,
1258 1116 1330 1147 mil.
1348 1116 1541 1148 Norwicen.
1564 1116 1625 1154 di.,
1652 1116 1776 1148 indult.
1794 1117 1920 1148 simile.
1939 1117 1992 1157 (A.
2009 1118 2062 1155 29,
2082 1118 2103 1149 f.
2121 1119 2179 1149 195
2196 1123 2230 1155 *3

624 1168 658 1198 V.
677 1170 727 1206 85,
745 1178 798 1209 ep.
816 1170 900 1208 133.)

664 1219 802 1252 30129.
829 1241 867 1246 -
895 1223 1024 1260 Joarmi,
1045 1228 1119 1254 nato
1138 1224 1272 1255 Joannis
1296 1223 1372 1254 dicti
1389 1223 1427 1254 de
1450 1223 1571 1255 Bremis
1592 1223 1712 1260 militis,
1743 1224 1879 1256 collatio
1902 1233 2020 1256 canon.
2047 1225 2110 1255 sub
2134 1233 2231 1265 exsp.

620 1276 725 1315 prfflb.
741 1276 822 1307 eccl.
842 1276 1000 1308 Bremen.
1019 1295 1056 1300 —
1071 1277 1098 1309 1.
1116 1286 1145 1309 e.
1164 1287 1209 1308 m.
1227 1277 1260 1308 in
1280 1277 1383 1309 Huda
1398 1279 1431 1309 et
1447 1277 1594 1310 Rastede
1614 1279 1758 1310 monast.
1778 1278 1971 1316 abbatibus,
1994 1279 2151 1310 Bremen.
2172 1278 2232 1316 di„

621 1338 659 1361 ac
684 1338 772 1370 mag.
799 1330 941 1362 Nicolao
969 1331 1009 1362 de
1038 1331 1185 1368 Fractis,
1213 1340 1285 1363 can.
1313 1332 1504 1368 Patracen.‚
1530 1332 1722 1363 litterarum
1751 1333 1859 1372 apost.
1887 1332 2081 1364 correctori.
2103 1332 2156 1373 (A.
2180 1333 2232 1371 29,

621 1383 643 1414 f.
664 1384 724 1415 200
741 1388 770 1420 ³5
797 1383 833 1415 V.
850 1385 902 1420 85,
922 1393 973 1424 ep.
992 1385 1079 1424 154.)

666 1434 804 1467 30130.
822 1454 860 1459 -
875 1437 970 1468 Petro
981 1437 1018 1469 de
1030 1437 1151 1476 Omont,
1167 1449 1236 1469 can.
1251 1438 1452 1477 Laudunen„
1465 1439 1587 1471 indult.
1604 1439 1644 1470 de
1656 1440 1888 1479 percipiendis
1899 1439 2067 1471 fructibus
2081 1439 2235 1471 omnium

621 1491 731 1523 benef.
749 1500 901 1528 suorum,
925 1492 961 1522 in
979 1500 1097 1523 eorum
1112 1492 1218 1524 altero
1237 1495 1294 1524 aut
1310 1493 1424 1524 studio
1440 1493 1504 1525 litt.
1528 1493 1563 1524 in
1580 1493 1666 1531 Ioco,
1684 1493 1743 1524 ubi
1761 1493 1851 1524 illud
1865 1493 1976 1533 vigeat
1992 1494 2163 1533 generale,
2183 1502 2234 1524 re-

623 1545 776 1576 sidendo.
793 1563 832 1568 —
850 1545 876 1576 1.
898 1555 926 1577 e.
949 1555 995 1577 m.
1014 1555 1041 1577 s.
1059 1546 1202 1578 Joannis
1219 1547 1255 1577 in
1273 1547 1385 1587 Burgo
1403 1548 1435 1578 et
1455 1547 1488 1578 b.
1515 1547 1609 1578 Petri
1632 1547 1668 1578 in
1685 1548 1773 1578 Foro
1796 1547 1995 1579 Laudunen.
2020 1547 2172 1584 decanis,
2198 1555 2235 1578 ac

622 1607 725 1639 praep.
742 1599 961 1631 Suessionen.
980 1600 1060 1631 eccl.
1078 1600 1131 1640 (A.
1150 1602 1201 1638 29,
1219 1600 1242 1631 f.
1259 1602 1364 1637 200=;
1386 1600 1419 1631 V.
1434 1602 1485 1639 85,
1503 1610 1556 1640 ep.
1575 1602 1660 1640 155.)

667 1650 806 1683 30131.
829 1670 868 1676 —
885 1652 1042 1684 Ludovz'co
1057 1664 1126 1695 ep.o
1145 1653 1400 1694 andeburqen.
1420 1655 1521 1686 facul.
1537 1655 1758 1686 contrahendi
1782 1656 1940 1686 mutuum
1954 1662 2064 1695 usque
2081 1656 2124 1686 ad
2145 1663 2236 1686 Sum-

623 1715 714 1738 mam
726 1707 805 1738 1000
819 1707 892 1738 flor.
906 1708 980 1738 auri
996 1717 1057 1747 pro
1072 1708 1218 1748 negotiis
1236 1717 1288 1748 ap.
1307 1708 1342 1739 S.
1357 1709 1398 1740 A.
1416 1708 1650 1748 expediendis.
1666 1708 1717 1747 (A.
1731 1710 1781 1746 29,
1799 1708 1822 1739 f.
1836 1710 1896 1740 203
1907 1714 1940 1746 ¹²3
1965 1708 1997 1739 V.
2014 1710 2066 1746 85,
2082 1717 2134 1747 ep.
2152 1708 2236 1747 160.)

668 1758 808 1790 30132.
823 1780 860 1784 -
875 1761 995 1792 Joanni
1012 1762 1156 1798 Minoris,
1170 1766 1243 1792 nato
1260 1761 1394 1793 Gerardi
1411 1761 1552 1793 Aloderii
1563 1762 1599 1792 de
1607 1761 1780 1800 Florentia,
1794 1763 1908 1794 collat.
1925 1771 2044 1794 canon.
2063 1762 2126 1794 sub
2139 1771 2235 1802 exsp.

592 1825 594 1868 ἒ
623 1814 727 1854 praeb.
746 1814 828 1845 eccl.
847 1815 1037 1846 Nanneten.
1056 1834 1092 1838 —
1107 1816 1132 1846 I.
1152 1824 1180 1846 e.
1197 1824 1242 1846 m.
1259 1824 1286 1846 s.
1308 1816 1428 1846 Crucis
1450 1818 1482 1847 et
1500 1825 1528 1846 s.
1548 1815 1667 1847 Jacobi
1682 1817 1723 1847 de
1739 1816 1918 1847 Piramilio
1932 1816 2123 1848 Nanneten.
2145 1815 2237 1855 prio-

592 1874 594 1896 ε
624 1866 733 1904 ribus,
760 1876 797 1898 ac
824 1868 1010 1899 Gualfredo
1041 1869 1081 1900 de
1110 1868 1310 1908 Regalibu8‚
1343 1878 1417 1901 can.
1445 1869 1662 1907 Noviomen„
1692 1878 1765 1908 cap.
1797 1869 1861 1900 ΡΡ.
1897 1869 1949 1908 (Α.
1981 1871 2032 1907 29,
2063 1869 2087 1901 f.
2115 1870 2175 1901 263
2207 1874 2235 1905 ³;

593 1928 594 1934 ¹
631 1920 665 1952 V.
686 1922 738 1958 85,
761 1929 814 1960 ep.
837 1923 925 1960 266.)

670 1972 808 2005 30133.
833 1993 870 1997 -
894 1975 981 2016 Ep.o
1004 1975 1216 2016 Mirapiscen.,
1236 1980 1264 2006 et
1288 1976 1357 2007 abb.
1380 1981 1512 2008 monast.
1529 1976 1685 2017 Scir-pen„
1706 1987 1741 2007 ac
1763 1976 1879 2007 decano
1897 1976 1968 2008 eccl.
1993 1975 2235 2018 Montisreqalis,

594 2015 595 2057 f
624 2028 815 2060 Lemovicen.
836 2033 864 2058 et
884 2028 1108 2060 Car-cassonerz.
1133 2029 1190 2067 di„
1212 2030 1326 2061 mand.
1349 2039 1410 2070 pro
1433 2031 1626 2070 receptione
1650 2030 1807 2062 Gaufridi
1830 2031 1870 2062 de
1886 2031 2044 2070 Varenis,
2062 2031 2142 2062 cler.
2160 2030 2238 2061 Lin-

594 2079 595 2110 }
625 2091 745 2122 gonen.
763 2083 823 2119 di.,
841 2083 876 2114 in
894 2092 966 2114 can.
987 2083 1067 2114 eccl.
1084 2084 1343 2121 carcassonen..
1362 2084 1402 2116 O.
1418 2084 1451 2116 S.
1469 2085 1505 2116 A.
1527 2085 1581 2122 (A.
1599 2086 1650 2122 29,
1666 2085 1688 2116 f.
1706 2086 1766 2116 266
1780 2084 1809 2120 b3
1833 2084 1869 2116 V.
1890 2086 1941 2122 85,
1957 2093 2010 2124 ep.
2029 2086 2115 2124 285.)

671 2133 739 2165 301
749 2133 808 2165 34.
829 2154 867 2159 -
878 2136 1042 2167 Ludewico
1056 2147 1125 2177 ep.o
1137 2137 1394 2178 Brandeburqen.
1409 2138 1522 2169 mand.
1539 2139 1702 2178 quatinus
1715 2147 1791 2169 cum
1806 2147 1838 2169 n.
1856 2148 1886 2169 v.
1909 2138 2094 2175 Bochardo,
2116 2139 2238 2170 comite

595 2180 597 2198 ”
627 2190 667 2221 de
689 2190 869 2227 Mansvelt,
887 2191 1140 2230 consanguineo
1165 2200 1238 2228 suo,
1256 2200 1294 2222 ac
1312 2183 1345 2222 η’.
1363 2201 1408 2222 m.
1429 2192 1620 2228 Luckarda,
1639 2194 1717 2223 nata
1738 2192 1863 2232 quond.
1885 2192 2023 2223 W'lradi
2047 2193 2181 2223 comitis
2198 2193 2238 2223 de

595 2249 596 2261 ¹
626 2244 875 2283 Valkensteyn,
902 2244 1078 2283 dispenset
1098 2246 1146 2282 ut,
1174 2254 1240 2276 non
1264 2245 1351 2276 obst.
1375 2250 1420 2276 1v⁰
1443 2246 1664 2285 consanguin.
1688 2246 1806 2285 gradu,
1831 2246 1866 2276 in
1893 2246 2041 2277 matrim.
2069 2246 2158 2277 inter
2180 2255 2238 2277 eos

595 2307 597 2346 ᾗ
627 2299 798 2329 contracto
814 2297 907 2329 licite
924 2307 1099 2329 remanere
1116 2299 1262 2330 valeant.
1283 2299 1335 2338 (A.
1357 2301 1408 2337 29,
1427 2299 1450 2330 f.
1465 2301 1525 2330 434
1542 2299 1570 2337 Ι’;
1594 2300 1630 2330 V.
1646 2301 1697 2336 85,
1715 2309 1767 2339 ep.
1784 2302 1871 2338 600.)

672 2349 810 2381 30135.
835 2369 866 2373 -
889 2351 1003 2382 Eidem
1020 2352 1192 2383 indultum
1217 2353 1364 2384 faciendi
1386 2353 1552 2384 celebrari
1570 2354 1711 2384 missam
1730 2354 1765 2384 in
1783 2353 1868 2385 locis
1884 2353 2064 2385 interdicto
2082 2353 2237 2393 supposi-

596 2425 598 2453 ξ
627 2405 683 2436 tis.
701 2405 754 2442 (A.
770 2406 821 2441 29,
842 2405 987 2442 114373,
1012 2405 1044 2436 V.
1062 2407 1112 2443 85,
1132 2415 1185 2445 ep.
1203 2407 1289 2445 601.)

672 2456 809 2487 30136.
826 2477 863 2482 -
885 2458 994 2489 Eidem
1010 2460 1134 2490 dantur
1150 2460 1185 2490 in
1209 2460 1456 2497 commendam,
1476 2461 1519 2491 ad
1540 2461 1730 2497 biennium,
1748 2470 1881 2498 canon,
1899 2460 2002 2500 praeb.
2021 2462 2055 2492 et
2073 2460 2237 2492 archidia-

596 2506 598 2508 ’
628 2515 769 2544 conatus
787 2512 822 2543 in
838 2513 1060 2544 Oschersleve
1078 2513 1112 2544 in
1131 2513 1212 2544 eccl.
1228 2513 1506 2551 Halberstaden.‚
1524 2515 1744 2545 canonicatus
1761 2515 1793 2546 et
1812 2514 1915 2554 praeb.
1934 2514 2187 2554 Mersehurgen.
2206 2515 2238 2545 et

597 2565 599 2590 '¹
627 2566 896 2606 Nuemburgen.‚
914 2575 951 2597 ac
962 2567 998 2597 in
1009 2567 1285 2604 Halberstaden.,
1300 2567 1554 2608 Merseburgen.
1568 2570 1600 2599 et
1614 2568 1869 2608 Nuemburgen.
1883 2568 2038 2599 ecclesiis
2053 2567 2120 2598 alia
2135 2567 2237 2598 hene-

597 2629 599 2643 ·
629 2620 705 2651 ficia
727 2629 801 2659 quae
823 2629 882 2659 per
899 2621 1149 2659 promotionem
1166 2621 1277 2660 ipsius
1295 2621 1337 2652 ad
1356 2621 1590 2660 episcopatum
1608 2621 1881 2662 Brandeburgen.
1899 2622 1989 2661 apud
2002 2621 2035 2652 S.
2051 2623 2087 2652 A.
2106 2622 2235 2657 vacant,

629 2673 709 2713 quia
724 2682 789 2704 non
806 2674 913 2704 credit
929 2682 965 2705 se
982 2674 1062 2705 eccl.
1085 2683 1154 2705 suae
1171 2674 1428 2714 possessionem
1447 2675 1592 2714 adipisci
1608 2684 1708 2715 posse
1725 2684 1767 2706 ex
1782 2684 1820 2706 eo
1837 2675 1927 2714 quod
1942 2675 2104 2705 Hinricus
2120 2674 2159 2705 de
2175 2675 2236 2705 Ba-

630 2726 770 2766 rebuye,
782 2735 843 2766 pro
859 2727 966 2758 electo
981 2727 1068 2758 falso
1087 2736 1122 2758 se
1136 2736 1269 2767 gerens,
1287 2737 1362 2759 eam
1375 2728 1503 2759 detinet
1521 2731 1727 2768 occupatam.
1742 2745 1779 2750 —
1792 2729 1832 2759 In
1846 2737 1875 2759 e.
1892 2737 1937 2759 m.
1956 2736 2032 2766 ep.o
2047 2726 2237 2759 Nuembur-

630 2780 738 2820 gensi,
753 2782 785 2811 et
797 2780 1051 2820 Nuemburgen.
1065 2790 1102 2812 ac
1115 2781 1366 2821 Merseburgen.
1381 2782 1462 2813 eccl.
1477 2782 1680 2813 scolasticis.
1696 2783 1747 2820 (A.
1762 2783 1812 2819 29,
1826 2781 1850 2812 f.
1862 2783 1921 2812 438
1931 2786 1959 2817 ⁸;
1979 2780 2012 2811 V.
2024 2782 2076 2817 85,
2088 2789 2140 2820 ep.
2152 2781 2237 2819 602.)

676 2830 813 2862 30137.
832 2851 869 2856 —
887 2834 1009 2864 Eidem
1034 2835 1242 2874 deputantur
1262 2836 1298 2866 ut
1320 2837 1589 2872 conservatores,
1610 2835 1651 2866 ad
1677 2835 1960 2875 quinquennium,
1986 2843 2086 2874 praep.
2103 2844 2128 2863 s.
2144 2833 2239 2864 Pauli

634 2885 882 2922 Halberstaden.,
900 2886 1031 2917 decanus
1047 2888 1080 2917 in
1101 2887 1243 2924 Cerwest,
1268 2888 1522 2929 Brandeburyen.
1544 2888 1601 2924 di..
1624 2898 1659 2919 ac
1678 2889 1852 2919 scolasticus
1872 2886 1943 2918 eccl.
1970 2887 2236 2927 Merseburyensis.

635 2939 687 2977 (A.
706 2941 756 2975 29,
776 2940 798 2970 f.
819 2941 876 2971 137
893 2945 921 2975 ²3
946 2939 978 2970 V.
994 2941 1046 2976 85,
1060 2950 1113 2980 ep.
1130 2941 1217 2981 603.)

679 2989 820 3022 30138.
840 3011 877 3016 -
893 2994 1022 3028 loanni,
1039 2999 1113 3024 nato
1132 2993 1264 3025 Gerardi
1282 2994 1358 3025 dicti
1375 2994 1531 3032 Lestrune,
1548 2995 1683 3026 collatio
1702 3003 1819 3026 canon.
1837 2993 1901 3025 sub
1919 3002 2014 3033 exsp.
2034 2992 2137 3033 praeb.
2155 2993 2236 3025 eccl.

637 3054 665 3077 s.
681 3045 775 3077 Petri
790 3046 959 3081 Ariensis.
974 3047 1141 3078 Morinen.
1160 3047 1206 3079 di.
1223 3065 1263 3071 —
1284 3048 1311 3080 I.
1335 3056 1364 3079 e.
1388 3057 1432 3079 m.
1454 3048 1578 3080 decano
1594 3048 1675 3079 eccl.
1700 3056 1726 3078 s.
1742 3047 1874 3079 Gudilae
1893 3046 2103 3084 Bruxellen,
2121 3047 2238 3078 Came-
