2632 3666
545 0 802 29 ΝΜΉ
821 8 835 18 ι.
855 0 907 25 νὴ
956 0 958 3 ’
990 3 1003 10 ·‘
1087 0 1095 9 ⁷
1126 0 1130 6 ’
1166 0 1194 12 ¹*

460 657 1122 762 JOANNIS
1209 659 1633 759 PAPAE
1715 660 2058 760 XXII

280 1694 384 1721 Datum
402 1690 586 1723 Avenione.

273 1798 292 1826 5
309 1798 401 1834 (non.)
416 1801 487 1834 sept.
506 1798 595 1826 1327.

360 1843 391 1870 Τ.
409 1843 504 1870 XXIV.

395 1963 432 1991 Ut
450 1972 474 1991 s.

341 2008 372 2036 T.
395 2008 440 2040 XI,
459 2008 532 2036 XIII.

399 2176 435 2204 Ut
449 2184 474 2204 s,

337 2221 368 2248 T.
386 2221 445 2255 XII,
463 2221 532 2248 XIV.

402 2445 438 2473 Ut
458 2453 482 2472 s.

336 2489 368 2517 T.
389 2489 462 2521 XIII,
483 2489 541 2516 XV.

403 2711 440 2739 Ut
460 2719 484 2738 s.

385 2755 415 2782 T.
435 2755 504 2782 XVI.

410 2870 445 2898 Ut
462 2878 485 2898 s.

383 2915 414 2943 T.
437 2915 508 2942 XVI.

410 2978 445 3005 Ut
462 2985 485 3004 s.

385 3022 416 3049 T.
438 3022 509 3049 XVI.

404 3083 552 3111 JOANNJs
572 3083 656 3122 xxn.
675 3099 710 3105 -
729 3083 761 3112 T.
784 3084 845 3112 vu.

1066 845 1454 917 (1316-1334)

701 1042 1184 1143 'LITTERAE
1245 1070 1798 1149 COMMUNES

1109 1454 1285 1503 ΑΝΝΙ
1346 1454 1429 1503 ΧΙΙ

911 1560 954 1605 (5
980 1563 1075 1609 sept.
1107 1561 1221 1600 1327
1248 1584 1294 1589 —
1320 1563 1347 1600 4
1374 1565 1468 1611 sept.
1502 1561 1630 1607 1328)

724 1795 862 1828 29732.
883 1817 922 1821 —
940 1799 981 1830 Ν.
1004 1810 1045 1830 m.
1069 1800 1202 1831 Mahaut
1227 1800 1264 1831 de
1285 1800 1443 1838 Burlatio,
1470 1801 1867 1842 dominae.Felyueriar-um,
1889 1800 2046 1832 Biterren.
2066 1800 2122 1837 di„
2141 1801 2294 1842 indulge-

680 1852 735 1883 tur
748 1853 785 1883 ut
802 1853 911 1892 possit
927 1853 1052 1893 eligere
1066 1854 1298 1885 confessorem
1313 1855 1371 1894 qui
1388 1855 1495 1886 semel
1506 1855 1541 1886 in
1557 1855 1679 1886 mortis
1695 1854 1839 1886 articulo
1853 1854 1964 1894 possit
1978 1854 2010 1886 ei
2024 1854 2162 1894 plenam
2172 1855 2293 1886 remis-

681 1905 814 1936 sionem
832 1908 1045 1945 peccatorum
1066 1907 1259 1939 concedere.
1278 1908 1332 1948 (A.
1348 1909 1400 1946 28,
1417 1908 1439 1939 f.
1458 1910 1516 1941 105
1533 1908 1562 1946 ¹³;
1583 1908 1623 1940 A.
1643 1910 1695 1946 29,
1715 1908 1739 1939 f.
1757 1910 1795 1939 ’Π
1812 1913 1845 1944 ²;
1871 1907 1904 1939 V.
1923 1909 1976 1945 85,
1996 1916 2048 1948 ep.
2067 1909 2111 1947 1.)

727 1956 863 1988 29733.
882 1978 920 1982 -
936 1960 1068 2001 Suqerio
1087 1960 1218 1992 Gomecz'i
1239 1961 1376 1993 collatio
1401 1971 1520 1993 canon.
1540 1962 1604 1994 sub
1620 1971 1718 2001 exsp.
1738 1961 1842 2001 praeb.
1870 1970 1947 1992 cum
1964 1961 2293 2001 praestimonialibus

681 2013 898 2053 portionibus
916 2014 995 2045 eccl.
1014 2014 1203 2052 Toletanae3
1221 2024 1288 2046 non
1305 2015 1394 2047 obst.
1406 2024 1499 2056 perp.
1517 2016 1671 2055 portione
1687 2016 1722 2046 in
1734 2015 1852 2047 eadem
1867 2017 1900 2046 et
1916 2015 2150 2054 praestimonio
2161 2017 2200 2047 30
2215 2015 2292 2048 den.

681 2067 718 2098 in
732 2067 915 2099 Ebraisino
931 2068 1085 2100 Toletan.
1102 2068 1270 2100 ecclesiis.
1288 2085 1326 2090 —
1339 2069 1366 2100 Ι.
1383 2078 1412 2100 e.
1431 2078 1477 2100 m.
1498 2069 1612 2101 abbati
1626 2069 1667 2100 de
1683 2070 1858 2101 Frenucea
1875 2069 2036 2109 Burgem,
2054 2069 2087 2100 et
2100 2069 2240 2106 decano,
2257 2078 2296 2101 ac

682 2121 863 2152 scolastico
878 2122 1046 2153 conchen.
1064 2122 1299 2154 ecclesiarum.
1318 2122 1370 2163 (A.
1387 2124 1439 2159 29,
1457 2123 1480 2154 f.
1502 2125 1561 2154 104
1578 2128 1609 2160 ⁸3
1630 2123 1666 2154 V.
1683 2124 1734 2159 85,
1752 2131 1803 2162 ep.
1822 2123 1887 2161 50.)

727 2171 866 2204 29734.
886 2191 923 2197 —
943 2175 1053 2206 Blasio
1070 2175 1275 2214 Ferdinandi,
1297 2176 1373 2222 abl).
1396 2186 1424 2208 s.
1443 2177 1619 2208 Leocadiae
1636 2177 1669 2207 in
1687 2177 1768 2208 eccl.
1788 2176 1964 2212 Toletana,
1985 2176 2106 2208 indult.
2127 2178 2176 2214 ut,
2196 2177 2297 2208 Joan-

682 2229 737 2259 nis
761 2229 922 2268 archiep.i
940 2230 1096 2261 Toletani
1119 2229 1296 2270 obsequiis
1320 2230 1546 2268 immorando,
1566 2232 1623 2261 aut
1644 2230 1835 2261 insistendo
1858 2230 1995 2261 scolast.
2020 2230 2215 2270 disciplinis
2238 2229 2298 2261 ubi

683 2282 834 2313 studium
847 2283 960 2323 vigeat
975 2284 1144 2323 generale,
1156 2284 1210 2315 vel
1221 2284 1402 2316 residendo
1414 2284 1450 2315 in
1467 2284 1573 2316 altero
1589 2284 1832 2316 beneficiorum
1850 2292 2003 2319 suorum,
2020 2284 2152 2315 fructus
2166 2292 2298 2315 eorum-

684 2336 761 2368 dem
778 2336 1022 2368 beneficiorum
1040 2338 1082 2368 ad
1108 2338 1296 2369 triennium
1316 2339 1489 2378 percipere
1514 2338 1637 2369 valeat.
1658 2356 1697 2360 —
1718 2338 1745 2369 Ι.
1771 2346 1799 2369 e.
1822 2346 1866 2368 m.
1893 2339 1930 2369 ut
1946 2346 1974 2368 s.
1994 2338 2046 2377 (A.
2068 2339 2120 2372 29,
2142 2337 2164 2368 f.
2189 2338 2247 2368 108
2264 2341 2297 2374 “;

690 2390 723 2420 V.
740 2391 791 2427 85.
811 2399 863 2430 ep.
881 2392 949 2431 55.)

730 2441 869 2474 29735.
892 2462 931 2467 —
947 2444 1133 2485 Raymundo
1149 2444 1186 2475 de
1202 2445 1357 2476 Avinione
1374 2445 1487 2477 collat.
1508 2454 1627 2476 canon.
1647 2446 1679 2476 et
1695 2445 1797 2485 praeb.
1816 2444 2039 2476 sacerdotalis
2054 2444 2135 2475 eccl.
2159 2444 2298 2475 Barchi-

686 2507 821 2535 nonen.,
839 2506 899 2538 per
910 2498 1160 2537 promotionem
1177 2499 1319 2531 Arnaldi
1339 2499 1406 2539 ep.i
1432 2499 1578 2530 Ilerden.
1606 2508 1660 2538 ap.
1683 2499 1716 2530 S.
1747 2500 1789 2530 Α.
1819 2498 2026 2536 vacantium,
2045 2506 2121 2529 cum
2146 2498 2297 2537 dispens.

687 2561 791 2592 super
807 2551 941 2583 defectu
956 2552 1065 2583 aetatis
1080 2552 1128 2591 (in
1146 2554 1198 2584 13θ
1213 2553 1323 2585 aetatis
1339 2553 1393 2584 vel
1411 2553 1546 2584 circiter
1561 2553 1770 2590 constituto).
1786 2570 1824 2576 —
1842 2552 1866 2583 1.
1886 2561 1914 2583 e.
1934 2560 1980 2582 m.
1996 2560 2073 2591 ep.o
2090 2551 2249 2588 Ilerden,
2267 2552 2301 2583 et

686 2605 794 2646 priori
813 2614 839 2636 s.
857 2605 959 2636 Pauli
977 2606 1237 2642 Barchinonen„
1255 2608 1289 2638 et
1304 2606 1431 2637 archid.
1450 2607 1615 2645 Urgelleti
1631 2607 1664 2637 et
1686 2605 1955 2638 Vallisandorrae
1976 2605 2011 2635 in
2027 2605 2106 2636 eccl.
2126 2604 2298 2644 Urgellen.

689 2660 741 2697 (A.
761 2661 812 2696 29,
838 2659 861 2690 f.
882 2660 941 2690 110
955 2658 989 2695 ¹³;
1015 2658 1048 2691 V.
1066 2661 1118 2695 85,
1134 2669 1186 2699 ep.
1204 2661 1270 2699 58.)

734 2709 873 2742 29736.
893 2731 930 2735 —
947 2712 1078 2743 Nicolao
1097 2712 1241 2751 Ger-ami,
1266 2713 1339 2744 cler.
1358 2713 1507 2754 Papim„
1534 2721 1600 2743 non
1620 2713 1799 2752 conjugato
1817 2720 1877 2743 nec
1903 2712 1937 2742 in
1964 2711 2071 2742 sacris
2087 2711 2158 2741 ord.
2176 2710 2299 2741 consti-

689 2767 774 2801 tuto,
787 2774 879 2796 conc.
893 2765 1137 2797 tabellionatus
1149 2767 1218 2803 off„
1234 2775 1310 2798 cum
1326 2767 1437 2798 forma
1448 2766 1634 2807 juramenti
1649 2765 1825 2796 fidelitatis
1840 2765 1883 2796 R.
1900 2765 1938 2796 Ε.
1957 2764 1998 2795 ab
2014 2764 2089 2803 ipso
2103 2764 2300 2803 praestandi.

689 2819 742 2859 (A.
760 2821 813 2856 29,
830 2819 853 2849 f.
875 2821 931 2851 131
949 2825 978 2857 ⁸;
1001 2819 1037 2851 V.
1058 2822 1108 2857 85,
1125 2829 1177 2860 ep.
1196 2822 1256 2852 999
1274 2821 1327 2859 Β.)

736 2869 871 2901 29737.
890 2890 928 2895 -
943 2873 1037 2904 Idem
1057 2874 1252 2905 conceditur
1262 2873 1392 2904 Nicolao
1407 2874 1539 2904 loannis
1557 2872 1661 2903 Mauri
1677 2871 1712 2902 de
1725 2872 1859 2909 Francis,
1874 2871 1953 2902 cler.
1968 2879 2034 2901 non
2047 2870 2223 2910 conjugato
2242 2879 2302 2902 neo

693 2925 726 2956 in
744 2925 852 2956 sacris
870 2926 941 2958 ord.
959 2927 1145 2958 constituto
1163 2927 1320 2959 Gaietan.
1338 2927 1384 2958 di.
1405 2927 1457 2964 (A.
1480 2928 1530 2963 29,
1552 2926 1573 2956 f.
1594 2928 1650 2956 131
1667 2931 1695 2962 ·;
1717 2924 1749 2956 V.
1769 2926 1819 2959 85,
1837 2934 1891 2964 ep.
1911 2924 2014 2962 1000.)

738 2974 874 3008 29738.
894 2997 933 3002 -
949 2979 1043 3010 Idem
1063 2981 1259 3011 conceditur
1272 2979 1499 3011 Bartholomaeo
1514 2979 1552 3010 de
1573 2978 1778 3010 Vicedominis
1791 2978 1827 3008 de
1841 2975 2025 3013 Monticulo,
2042 2976 2122 3008 cler.
2141 2985 2208 3007 non
2226 2985 2304 3008 con-

688 3030 806 3071 jugato
821 3040 883 3063 nec
898 3032 933 3063 in
952 3033 1059 3064 saeris
1075 3033 1147 3064 ord.
1169 3034 1354 3065 constituto
1371 3034 1528 3064 Parmen.
1546 3033 1591 3063 di.
1612 3032 1667 3072 (A.
1686 3033 1737 3068 29,
1754 3031 1777 3062 f.
1795 3032 1851 3061 131
1868 3036 1898 3066 ⁸3
1921 3030 1957 3061 V.
1974 3030 2026 3067 85,
2043 3038 2096 3069 ep.
2118 3030 2223 3068 1001.)

2147 3083 2161 3110 1
