2560 3476
331 332 585 366 APPENDICES
608 332 664 362 AD
686 330 959 381 DUODECIMUM
981 331 1176 362 BULLARII
1198 332 1372 377 JOANNIS
1395 333 1513 364 PAPAE
1535 333 1626 363 XXII
1647 333 1808 365 ANNUM.
1831 351 1870 357 —·
1892 334 2130 375 (1316-1334)
2192 337 2250 372 397

236 527 341 555 Datum
359 524 484 560 Romae,
502 525 579 561 apud

246 577 406 610 Sanctam
427 574 577 608 Mariam

286 629 327 663 de
343 630 415 662 Ara
435 627 530 665 coeli,

302 682 344 710 28
359 682 428 710 maii
445 681 524 709 1328

310 727 340 762 (v
358 726 419 754 kal.
439 725 516 762 jun.)

373 788 410 816 Ut
425 796 449 815 s.

371 999 408 1027 Ut
428 1007 452 1026 s.

373 1212 410 1240 Ut
426 1220 451 1240 s,

374 1425 407 1452 Ut
427 1434 451 1452 s.

366 1584 408 1613 .Ut
429 1593 453 1612 s.

371 1797 408 1824 Ut
427 1805 452 1825 s.

374 2011 410 2038 Ut
430 2019 453 2037 s.

375 2329 411 2357 Ut
430 2338 454 2357 s.

379 2596 413 2623 Ut
430 2605 453 2624 s.

376 2703 413 2731 Ut
434 2712 457 2730 s.

386 2969 423 2996 Ut
439 2977 464 2996 s.

699 517 837 549 42532.
853 537 894 542 -
910 519 1030 561 Anyelo
1044 520 1175 552 Joannis
1196 520 1291 550 Pauli
1310 529 1403 560 prov.
1421 530 1538 552 canon.
1558 522 1590 552 et
1604 521 1706 561 praeb.
1729 522 1808 552 eccl.
1828 530 1874 553 ss.
1894 522 2036 553 Joannis
2052 524 2085 553 et
2100 522 2198 553 Pauli
2214 523 2255 554 de

654 573 745 605 Urbe
765 573 799 603 in
818 582 895 612 qua,
912 573 990 603 licet
1005 573 1049 604 sit
1067 574 1179 604 certus
1197 574 1435 604 canonicorum
1454 583 1629 611 numerus,
1649 574 1906 612 praebendarum
1925 575 2096 606 distinctio
2115 584 2182 606 non
2197 576 2255 606 ha-

654 625 763 657 betur.
774 644 815 649 —
828 626 866 656 In
885 635 913 657 e.
934 635 980 656 m.
994 626 1176 657 Francisco
1194 626 1319 660 Calixti
1337 628 1369 657 et
1387 627 1487 657 Petro
1503 626 1629 664 Alexii,
1642 627 1894 663 Lateranensis,
1911 628 1944 658 et
1958 627 2146 666 Ricciardo,
2162 628 2254 667 prin-

655 679 742 718 cipis
758 679 992 718 apostolorum
1008 678 1230 709 basilicarum
1246 679 1430 710 canonicis.
1451 679 1503 718 (V.
1521 681 1591 715 118,
1610 689 1662 719 ep.
1686 681 1726 711 60
1744 681 1776 711 et
1789 681 1857 719 61.)

700 781 837 813 42533.
858 801 895 805 ——
911 783 1080 814 Laurentio
1095 784 1190 814 Pauli
1201 784 1238 815 de
1251 784 1379 822 Stincis,
1397 784 1429 814 in
1443 784 1613 814 minoribus
1638 783 1797 814 ordinibus
1814 785 1992 824 constitum,
2009 786 2128 817 eadem
2148 786 2258 825 gratia

656 837 691 868 in
707 837 787 868 eccl.
805 838 838 868 S.
856 837 900 868 M.
922 837 1077 876 dompnae
1093 838 1192 868 Rosae
1211 838 1263 876 [de
1281 837 1398 877 Urbe].
1418 856 1455 860 —
1481 838 1520 868 In
1544 845 1572 868 e.
1591 846 1636 867 m.
1661 837 1837 877 magistris
1861 838 1996 877 AEgidio
2012 838 2052 869 de
2069 839 2259 870 scandrilia

656 892 688 922 et
706 890 832 922 Jacobo
841 891 981 921 Henrici
991 890 1151 926 Bobonis,
1167 890 1248 921 eccl.
1261 899 1287 921 s.
1301 890 1475 921 Eustachii
1490 891 1529 921 de
1539 890 1630 922 Urbe
1644 890 1815 921 canonicis
1827 891 1858 922 et
1868 890 1936 921 PP.
1953 892 2107 923 notariis.
2118 891 2173 932 (V.
2187 893 2256 929 118,

656 950 708 984 ep.
727 945 766 975 62
785 946 817 974 et
832 944 897 982 63.)

700 994 839 1027 42534.
858 1014 897 1019 ——
911 996 1028 1027 Joanni
1043 996 1172 1027 Paulini
1187 997 1222 1027 de
1237 996 1390 1027 Albericis
1406 996 1442 1027 de
1463 995 1542 1026 Urbe
1556 1005 1649 1036 prov.
1670 1005 1788 1027 canon.
1805 998 1837 1027 et
1852 997 1953 1037 praeb.
1967 998 2047 1028 eccl.
2067 1007 2113 1028 ss.
2129 999 2260 1029 Cosmae

657 1051 689 1082 et
706 1050 865 1088 Damiani
882 1051 918 1081 in
933 1050 1035 1081 Silice
1051 1050 1091 1081 de
1110 1050 1200 1082 Urbe
1217 1050 1252 1080 in
1267 1059 1344 1089 qua,
1359 1050 1439 1080 licet
1457 1050 1501 1080 sit
1517 1050 1627 1080 certus
1653 1050 1891 1080 canonicorum
1914 1059 2088 1087 numerus,
2113 1051 2261 1091 praeben-

657 1105 777 1135 darum
793 1103 966 1135 distinctio
984 1112 1051 1134 non
1067 1103 1219 1134 habetur.
1237 1120 1274 1124 -
1289 1103 1327 1133 In
1344 1112 1372 1133 e.
1393 1112 1437 1133 m.
1453 1102 1576 1133 Joanni
1593 1102 1750 1133 Saraceni
1762 1104 1794 1133 et
1807 1103 1907 1134 Petro
1924 1103 2048 1140 Alexii,
2060 1104 2263 1135 Lateranen-

659 1158 707 1188 sis
726 1157 805 1188 eccl.
825 1156 1008 1188 canonicis.
1029 1156 1081 1196 (V.
1099 1158 1169 1193 118,
1189 1165 1240 1196 ep.
1259 1158 1294 1186 71
1314 1158 1347 1187 et
1360 1157 1425 1194 72.)

699 1208 835 1240 42535.
856 1228 898 1235 --
912 1210 1031 1242 Joanni
1055 1209 1205 1241 Guidonis
1225 1209 1378 1250 Raynerii
1397 1213 1426 1239 et
1439 1209 1567 1239 Joannae
1587 1219 1618 1238 n.
1634 1218 1662 1239 v.
1681 1208 1766 1238 Tocti
1785 1208 1913 1240 Celondi
1928 1209 1965 1239 de
1986 1209 2070 1240 Luca
2086 1210 2263 1249 dispensa—

656 1265 705 1296 tio
721 1273 824 1304 super
839 1264 1084 1303 impedimento
1103 1263 1314 1294 matrimonii
1338 1262 1569 1298 contrahendi,
1589 1271 1655 1292 non
1672 1261 1759 1293 obst.
1787 1263 1876 1301 quod
1899 1263 2059 1301 praedicta
2077 1264 2207 1294 Joanna
2223 1264 2260 1294 in

657 1319 776 1358 quarto
793 1317 1099 1357 consanguinitatis
1116 1317 1221 1356 gradu
1234 1316 1427 1353 Chelluciae,
1449 1315 1617 1355 quondam
1633 1315 1732 1345 uxori
1747 1315 1900 1351 Joannis,
1919 1316 2100 1355 attigisset.
2120 1315 2173 1354 (V.
2194 1317 2262 1353 118,

657 1380 710 1411 ep.
727 1371 791 1409 74.)

702 1421 839 1453 42536.
855 1442 896 1447 -
909 1424 1016 1460 Petro,
1027 1433 1052 1454 s.
1066 1423 1154 1453 Petri
1169 1422 1210 1452 ad
1229 1422 1360 1454 Vincula
1376 1422 1476 1463 presb.
1492 1421 1590 1458 card.,
1605 1422 1704 1452 datur
1720 1429 1801 1452 cura
1814 1421 1994 1460 hospitalis
2010 1421 2091 1452 novi
2108 1431 2136 1452 s.
2155 1422 2261 1453 Clarae

657 1479 698 1510 de
715 1478 820 1509 Pisis.
841 1481 878 1499 —‘
899 1477 937 1508 In
954 1486 983 1508 e.
1001 1485 1047 1507 m.
1065 1476 1190 1507 Jacobo
1209 1485 1284 1515 ep.o
1302 1476 1433 1508 Ostien.
1455 1477 1488 1505 et
1505 1474 1722 1512 velletrensi,
1741 1483 1779 1505 ac
1794 1474 1918 1505 Joanni
1943 1483 1970 1505 s.
1994 1475 2128 1506 Nicolai
2144 1475 2178 1505 in
2194 1483 2263 1506 car-

657 1540 732 1563 cere
751 1530 910 1562 Tulliano
924 1530 1008 1561 diac.
1029 1530 1118 1561 card.
1139 1530 1194 1568 (V.
1215 1531 1284 1566 118,
1303 1538 1354 1568 ep.
1377 1530 1414 1559 77
1432 1529 1464 1560 et
1482 1530 1547 1567 78.)

703 1581 839 1614 42537.
858 1600 899 1605 -
913 1583 1032 1615 Joanni
1047 1582 1083 1613 de
1111 1582 1309 1613 Thebaldinis
1332 1581 1367 1612 de
1392 1581 1471 1612 Urbe
1492 1590 1585 1621 prov.
1613 1590 1731 1612 canon.
1764 1582 1795 1612 et
1815 1580 1917 1620 praeb.
1941 1581 2021 1611 eccl.
2040 1590 2067 1612 s.
2091 1581 2264 1612 Laurentii

657 1638 823 1669 territorii
841 1637 1032 1669 Castricani
1049 1637 1194 1674 Panilis‚
1211 1635 1410 1667 Portuensis
1424 1635 1482 1671 di.‚
1501 1644 1567 1666 non
1582 1634 1669 1665 obst.
1699 1642 1816 1665 canon.
1841 1635 1873 1665 et
1891 1634 1994 1673 praeb.
2020 1643 2046 1665 s.
2075 1634 2264 1666 Anastasiae

658 1692 691 1722 et
709 1699 805 1730 exsp.
824 1690 976 1721 rectoriae
992 1689 1071 1720 eccl.
1090 1698 1117 1720 s.
1133 1689 1250 1720 Jacobi
1269 1689 1303 1719 in
1319 1688 1437 1723 Auria,
1453 1688 1493 1718 de
1510 1688 1611 1719 Urbe.
1629 1706 1670 1711 -—
1683 1688 1723 1718 In
1741 1695 1770 1718 e.
1786 1696 1830 1718 m.
1851 1686 2031 1718 Francisco
2048 1687 2186 1724 Calixti,
2204 1687 2265 1718 La-

657 1743 862 1780 teranensis,
883 1744 915 1773 et
929 1742 1089 1779 Ricardo,
1109 1742 1276 1781 principis
1287 1741 1516 1780 apostolorum
1530 1740 1680 1770 basilicae
1695 1739 1879 1770 canonicis.
1891 1739 1944 1778 (V.
1961 1740 2029 1777 118,
2041 1748 2092 1780 ep.
2105 1742 2143 1771 79
2157 1741 2189 1771 et
2198 1741 2265 1779 80.)

703 1793 840 1825 42538.
855 1813 896 1818 --
910 1794 1083 1835 Gotcifredo
1099 1794 1232 1825 Joannis
1249 1794 1362 1824 Odonz's
1376 1793 1412 1824 de
1426 1793 1611 1834 Paparescis
1624 1792 1661 1822 de
1679 1791 1759 1823 Urbe
1772 1800 1865 1831 prov.
1884 1801 2001 1823 canon.
2015 1794 2047 1823 et
2062 1792 2165 1832 praeb.
2183 1793 2264 1824 eccl.

659 1851 694 1882 S.
711 1850 756 1880 M.
777 1848 1024 1880 Transtiberim
1040 1848 1080 1878 de
1099 1847 1203 1884 Urbe,
1224 1856 1284 1887 per
1300 1847 1524 1886 privationem
1540 1848 1572 1877 et
1587 1845 1794 1876 amotionem
1810 1845 1928 1885 Helyae
1945 1845 2150 1876 vacantium.
2172 1863 2210 1868 —
2226 1846 2265 1876 In

660 1912 687 1934 e.
705 1912 750 1934 m.
769 1901 928 1939 Ricardo‚
941 1901 1013 1932 filio
1029 1901 1122 1932 Petri
1138 1900 1286 1937 Ricardi,
1303 1899 1469 1939 principis
1486 1898 1728 1938 apostolorum,
1745 1900 1776 1929 et
1786 1898 1887 1929 Petro
1903 1897 2070 1934 Gratiani,
2081 1899 2113 1930 S.
2131 1899 2176 1930 M.
2194 1898 2264 1929 Ma-

656 1956 742 1997 j0ris
757 1956 798 1987 de
817 1955 908 1987 Urbe
927 1954 1149 1985 basilicarum
1167 1953 1350 1984 canonicis.
1368 1952 1423 1992 (V.
1442 1953 1511 1989 118,
1529 1961 1581 1991 ep.
1597 1953 1635 1983 83
1654 1952 1686 1982 et
1702 1951 1771 1990 84.)

705 2006 842 2038 42539.
860 2025 898 2029 -
915 2007 1008 2038 Petro
1022 2007 1116 2037 Ensii
1129 2006 1166 2037 de
1183 2005 1372 2037 Thedallinis
1385 2005 1420 2035 de
1435 2004 1514 2035 Urbe
1529 2013 1622 2044 prov.
1643 2003 1996 2043 archipresbyteratus
2013 2005 2046 2035 et
2057 2003 2160 2043 praeb.
2182 2004 2262 2035 eccl.

662 2071 690 2092 s.
711 2062 804 2093 Petri
820 2062 861 2092 de
877 2061 1016 2095 Tibure,
1033 2068 1093 2100 per
1109 2060 1334 2098 privationem
1346 2060 1378 2090 et
1389 2058 1595 2089 amotionem
1604 2057 1726 2097 Angeli
1742 2057 1858 2088 Amati
1869 2057 2059 2088 vacantium
2069 2067 2078 2093 ;
2096 2065 2163 2087 non
2177 2056 2264 2088 obst.

661 2115 696 2145 in
718 2114 861 2145 basilica
878 2114 911 2145 S.
928 2114 973 2145 M.
992 2113 1131 2152 Majoris
1153 2113 1193 2144 de
1211 2112 1302 2144 Urbe
1319 2111 1482 2142 beneficio
1499 2111 1531 2141 et
1552 2119 1579 2141 s.
1604 2110 1717 2149 Magni
1742 2110 1782 2140 de
1805 2110 1924 2141 Castro
1948 2109 2125 2146 Ciciliano,
2145 2109 2267 2141 Tibur-

661 2169 722 2199 tin.
740 2169 800 2205 di.‚
820 2168 925 2198 rurali
941 2167 1095 2198 ecclesia.
1112 2183 1151 2188 —-
1167 2167 1206 2196 In
1221 2174 1251 2197 e.
1269 2174 1314 2196 m.
1333 2165 1473 2197 Nicolao
1498 2164 1584 2195 Celli
1602 2165 1634 2194 et
1662 2162 1843 2194 Francisco
1867 2163 1908 2193 de
1931 2162 2098 2200 Viterbio,
2116 2162 2266 2193 basilicae

660 2222 693 2253 S.
714 2221 759 2252 M.
776 2221 916 2260 Majoris
933 2220 973 2251 de
990 2220 1080 2251 Urbe
1097 2219 1281 2253 canonicis,
1303 2227 1340 2249 ac
1355 2218 1467 2248 abbati
1484 2217 1628 2247 monast.
1649 2225 1675 2247 s.
1694 2215 1881 2247 Clementis
1905 2215 1945 2246 de
1965 2215 2102 2246 Tibure.
2122 2214 2177 2255 (V.
2196 2216 2267 2252 118,

662 2284 713 2314 ep.
732 2276 772 2306 85
791 2276 822 2305 et
837 2274 902 2312 86.)

709 2324 846 2357 42546.
867 2345 907 2349 -
921 2326 1088 2356 Francisco
1105 2324 1228 2355 Nicolai
1241 2324 1352 2356 Jacobi
1368 2323 1452 2353 Petri
1474 2322 1633 2353 Conversii
1649 2331 1744 2361 prov.
1766 2330 1882 2352 canon.
1901 2320 1963 2351 sub
1980 2329 2076 2360 exsp.
2093 2320 2196 2360 praeb.
2214 2321 2270 2352 Ti·

661 2381 806 2412 burtinae
822 2380 925 2415 eccl.;
945 2389 1011 2410 non
1028 2379 1112 2410 obst.
1135 2379 1170 2409 in
1186 2378 1267 2409 eccl.
1284 2387 1311 2408 s.
1331 2377 1425 2408 Petri
1441 2376 1483 2407 ad
1498 2375 1644 2407 Vincula
1659 2375 1699 2406 de
1717 2375 1808 2407 Urbe
1836 2375 1868 2405 et
1891 2383 1918 2405 s.
1945 2374 2082 2405 Thomae
2099 2374 2139 2405 de
2157 2374 2266 2405 castro

662 2434 803 2471 Toirite,
821 2434 982 2473 Nepesin.
1001 2433 1060 2469 di.‚
1079 2440 1197 2463 canon.
1217 2433 1248 2462 et
1264 2429 1454 2470 praebenda.
1472 2447 1509 2451 -
1526 2430 1564 2460 In
1582 2437 1609 2460 e.
1629 2437 1672 2460 m.
1693 2428 1794 2459 Petro
1810 2427 1965 2459 Gratiani
1982 2428 2015 2458 et
2028 2427 2210 2458 Francisco
2228 2427 2269 2458 de

661 2487 829 2524 Viterbio,
847 2487 880 2518 S.
896 2487 940 2518 M.
956 2486 1095 2526 Majoris
1111 2485 1263 2516 basilicae
1276 2483 1460 2520 canonicis,
1481 2491 1518 2513 ac
1535 2481 1649 2513 abbati
1666 2481 1809 2512 monast.
1828 2489 1855 2512 s.
1874 2479 2059 2512 Clementis
2074 2480 2114 2511 de
2130 2479 2268 2513 Tibure.

663 2541 717 2580 (V.
737 2542 808 2577 118,
827 2549 878 2580 ep.
895 2541 933 2571 87
952 2540 984 2571 et
999 2540 1066 2578 88.)

707 2591 845 2623 42541.
874 2610 915 2615 —-
937 2592 1068 2624 Nicolao
1090 2602 1114 2623 s.
1140 2591 1270 2622 Eusebii
1283 2589 1386 2631 presb.
1408 2588 1492 2620 card.
1526 2589 1624 2619 datur
1653 2595 1734 2618 cura
1763 2586 1980 2626 episcopatus
2005 2585 2268 2617 Camerinensis.

664 2648 718 2687 (V.
739 2649 808 2684 118,
827 2656 879 2687 ep.
902 2647 970 2684 89.)

709 2698 846 2730 42542.
867 2719 905 2723 -
922 2699 1043 2730 Oddom'
1058 2698 1173 2739 Anqeli
1187 2697 1302 2729 Basilis
1320 2696 1357 2727 de
1375 2695 1454 2727 Urbe
1475 2704 1569 2735 prov.
1590 2692 1951 2733 archipresbyteratus,
1972 2699 2090 2722 canon.
2116 2691 2148 2722 et
2164 2689 2267 2730 praeb.

665 2755 743 2786 eccl.
766 2756 800 2787 S.
819 2754 863 2785 M.
883 2754 1050 2786 Rotundae
1065 2753 1106 2784 de
1123 2752 1226 2789 Urbe,
1241 2760 1300 2791 per
1318 2750 1448 2781 obitum
1463 2748 1581 2780 Sabbae
1597 2746 1790 2778 vacantium
1802 2756 1810 2782 ;
1823 2753 1892 2776 non
1908 2744 1994 2775 obst.
2009 2752 2128 2775 canon.
2143 2744 2176 2774 et
2188 2751 2269 2782 prae·

662 2808 774 2839 benda
790 2808 871 2839 eccl.
891 2808 926 2840 S.
943 2807 986 2839 M.
1004 2807 1044 2838 de
1058 2806 1217 2840 Lariano,
1236 2803 1419 2835 Tusculan.
1438 2802 1483 2833 di.
1503 2819 1540 2824 -—
1556 2801 1595 2832 In
1611 2809 1639 2831 e.
1657 2808 1702 2830 m.
1725 2798 1848 2829 Joanni
1866 2797 1906 2828 de
1926 2795 2116 2833 Saracenis,
2135 2795 2268 2827 Latera-

663 2870 755 2899 nen.,
773 2863 806 2892 et
821 2861 969 2893 Ricardo
986 2859 1080 2891 Petri
1093 2858 1244 2897 Ricardi,
1258 2856 1424 2897 principis
1438 2854 1681 2895 apostolorum,
1701 2861 1737 2883 ac
1750 2851 1899 2883 Jordano
1912 2849 2071 2886 Bobonis.
2089 2849 2123 2880 S.
2142 2849 2187 2880 M.
2202 2848 2270 2879 Ma-

663 2915 750 2955 joris
773 2913 995 2945 basilicarum
1011 2912 1197 2944 canonicis.
1214 2910 1267 2950 (V.
1290 2911 1360 2947 118,
1375 2917 1428 2948 ep.
1448 2909 1504 2939 106
1522 2908 1553 2938 et
1570 2905 1654 2945 107.)

712 2964 852 2997 42543.
869 2985 906 2990 -
926 2967 1066 2997 Romano
1079 2965 1212 2996 ,loannis
1227 2963 1366 2995 Barauae
1381 2961 1416 2992 de
1436 2960 1514 2991 Urbe
1524 2967 1619 2999 prov.
1638 2966 1756 2989 canon.
1775 2956 1808 2988 et
1822 2954 1924 2995 praeb.
1941 2953 2091 2986 basilioae
2106 2953 2271 2994 principis

667 3021 901 3061 apostolorum
918 3020 959 3051 de
975 3019 1067 3052 Urbe
1089 3017 1284 3050 vacantium
1305 3024 1366 3056 per
1388 3013 1611 3055 privationem
1627 3011 1660 3043 et
1676 3009 1881 3042 amotionem
1897 3007 2018 3039 factam
2031 3006 2130 3047 juxta
2140 3006 2270 3047 justam
