2560 3476
32 3393 42 3413 ¹-
14 3195 38 3223 ‘·J·
26 3167 27 3178 „„
31 3119 39 3146 ³..
23 3082 26 3083 ¹
32 3023 35 3025 ,
32 2998 33 3002 .
34 2942 36 2946 .
34 2911 35 2915 .
19 2839 35 2893 τὴ·
19 2759 37 2814 ’ῖς-Α
18 2691 20 2714 ‘'
19 2611 35 2655 τᾶν
20 2545 37 2582 ‘?··
22 2455 35 2519 ..m-2.

210 426 315 454 Datum
345 420 530 454 Avenione.

201 740 220 768 7
234 740 290 776 (vu
306 740 359 775 id.)
374 740 433 767 dec.
453 739 542 767 4327.

309 785 340 812 T.
362 784 430 811 XVI.

212 1060 232 1088 8
246 1060 289 1095 (v1
302 1060 353 1092 id.)
369 1059 426 1086 dec.
443 1058 530 1086 1327.

278 1105 309 1131 T.
330 1104 376 1137 XI,
396 1103 468 1131 XIII.

335 1326 370 1354 Ut
390 1335 413 1353 s.

278 1371 310 1400 T.
330 1371 377 1404 XI,
393 1370 465 1398 XIII.

333 1647 368 1674 Ut
388 1656 412 1674 s.

275 1692 306 1719 T.
328 1691 374 1723 XI,
396 1691 467 1718 XIII.

336 1967 370 1994 Ut
391 1976 414 1994 s.

283 2012 314 2040 T.
332 2012 378 2045 xl,
393 2012 465 2038 XIII.

335 2181 371 2208 Ut
391 2190 414 2208 s.

283 2225 314 2253 T.
333 2226 378 2259 XI,
395 2226 467 2253 XIII.

342 2451 376 2478 Ut
397 2459 420 2477 s.

302 2496 333 2524 T.
356 2495 450 2523 XXIV.

344 2825 380 2852 Ut.
398 2834 420 2852 s.

289 2870 320 2896 T.
342 2870 388 2902 XI,
406 2869 479 2896 XIII.

584 336 759 367 JOANNIS
782 336 900 367 PAPAE
922 336 1024 367 XXII.
1049 337 1298 374 (1316-1334).
1322 354 1360 358 —
1382 334 1570 366 LITTERAE
1592 332 1819 364 COMMUNES
2181 331 2221 380 97

617 526 653 556 in
672 526 753 558 eccl.
771 526 909 558 Vicensi
933 525 1079 565 quodam
1103 524 1268 555 beneficio
1291 533 1319 554 s.
1339 533 1367 554 c.
1386 526 1435 563 (11
1459 523 1518 554 lib.
1542 522 1782 554 barchinonen.
1807 521 1994 553 secundum
2013 521 2224 552 taxationem

617 579 781 618 decimae).
796 597 834 602 --
851 579 878 610 Ι.
895 588 924 610 e.
942 587 987 610 m.
1004 578 1208 617 Berengario
1225 577 1265 607 de
1282 577 1360 608 Alta
1375 577 1464 616 Ripa
1480 578 1511 607 et
1526 576 1730 615 Raymundo
1746 575 1786 606 de
1802 574 1946 611 Abadia,
1958 574 2078 606 Vicen.
2094 582 2224 613 praepo-

617 633 706 667 sitis,
738 635 838 672 atque
862 631 1028 672 Urgelleti
1054 632 1087 662 et
1113 630 1226 661 Vallis
1254 630 1417 661 Andorrae
1443 629 1614 670 Urgellen.
1642 628 1768 660 archid.
1795 628 1876 659 eccl.
1906 627 1959 666 (A.
1984 629 2035 663 29,
2061 627 2085 657 f.
2112 628 2172 658 435
2189 626 2222 664 1’;

622 686 658 718 V.
683 687 735 724 85,
754 695 806 725 ep.
825 687 910 723 549.)

661 736 798 769 30663.
821 757 857 762 -
884 737 1052 778 Archiep.o
1070 736 1354 777 Caesarauyustan.,
1372 741 1401 766 et
1418 736 1519 777 priori
1537 735 1639 766 saecul.
1660 736 1694 767 S.
1716 736 1758 767 M.
1782 734 1912 775 Majoris
1937 733 2223 774 Caesarauqustan.,

617 799 708 833 acque
732 792 850 823 archid.
874 791 1028 822 Darocen.
1046 790 1317 830 Caesarauqustan.
1339 789 1411 819 eccl.
1429 790 1541 820 mand.
1562 798 1621 828 pro
1639 788 1853 820 revocatione
1874 787 2053 828 cujusdam
2073 794 2225 817 reserva-

616 846 721 877 tionis
739 855 758 877 a
775 846 918 877 Velasco
944 843 1149 884 Rodriguez‚
1172 851 1260 882 mag.
1278 843 1350 874 ord.
1376 842 1510 873 militiae
1530 851 1557 874 s.
1576 843 1595 873 J
1599 842 1706 879 acobi,
1723 842 1819 873 factae
1837 849 1940 881 super
1959 840 2058 872 bonis
2077 847 2225 879 praecep-

615 900 712 931 toriae
729 897 970 931 Montisalban.
988 897 1070 929 dicti
1088 896 1174 934 ord.‚
1198 896 1491 935 Caesaraugustan.
1513 895 1572 932 di.,
1589 895 1789 926 vacantibus
1811 903 1872 934 per
1890 894 2020 926 obitum
2037 894 2172 926 Artaldi
2184 894 2225 925 de

617 953 712 991 Orta,
730 953 877 983 instante
900 951 1056 987 Alfonso,
1073 959 1150 990 rege
1173 950 1381 989 Aragonum,
1401 958 1462 988 pro
1483 949 1588 979 vitali
1608 949 1648 979 de
1667 949 1859 983 villanova,
1879 948 1977 979 diotae
1995 947 2225 988 praeceptoriae

618 1007 833 1046 praeceptore.
851 1006 904 1045 (A.
920 1006 972 1039 30,
992 1005 1015 1035 f.
1031 1006 1071 1036 35
1085 1009 1114 1039 *ς
1139 1003 1175 1034 V.
1191 1004 1241 1040 86,
1263 1012 1316 1042 ep.
1335 1002 1443 1042 1176.)

662 1056 800 1088 30664.
819 1075 858 1080 -
874 1057 1009 1089 Geraldo
1021 1056 1177 1095 Mascalh,
1199 1056 1236 1087 de
1253 1055 1410 1091 Marcello,
1429 1055 1542 1086 collat.
1559 1064 1676 1086 canon.
1696 1055 1760 1086 sub
1776 1063 1872 1094 exsp.
1889 1054 1994 1094 praeb.
2008 1055 2088 1086 eccl.
2106 1055 2227 1085 Lemo-

616 1113 737 1148 vicen.,
756 1104 885 1144 cons'id.
903 1111 1017 1143 Caroli
1029 1112 1070 1142 R.
1084 1111 1121 1142 F.
1142 1112 1174 1142 et
1192 1111 1246 1146 N..
1264 1110 1361 1150 cujus
1376 1109 1521 1140 clericus
1534 1109 1671 1146 existit;
1690 1117 1758 1139 non
1771 1107 1858 1139 obst.
1877 1116 1973 1147 exsp.
1988 1107 2099 1139 benef.
2118 1107 2225 1139 eccle-

617 1166 748 1197 siastici
764 1175 792 1197 c.
812 1174 839 1196 0.
866 1165 920 1196 νο1
943 1173 971 1195 s.
990 1173 1016 1195 0.
1043 1165 1084 1195 ad
1102 1164 1319 1195 collationem
1341 1163 1408 1202 ep.i
1429 1162 1650 1194 Sarlatensis.
1669 1181 1706 1184 —
1732 1161 1757 1192 I.
1783 1170 1812 1192 0.
1835 1169 1880 1192 m.
1899 1169 1975 1200 ep.o
1992 1161 2176 1196 Tutellen.,
2193 1162 2227 1192 et

616 1219 730 1250 abbati
746 1219 891 1250 monast.
907 1227 935 1250 s,
949 1217 1117 1250 Martialis
1133 1218 1363 1254 Lemovicen.‚
1382 1225 1420 1247 ac
1437 1224 1540 1256 praep.
1558 1215 1638 1247 eccl.
1654 1214 1923 1254 Mirapiscensis.
1936 1214 1991 1254 (A.
2009 1216 2061 1251 29,
2078 1214 2101 1244 f.
2121 1215 2178 1244 441
2192 1214 2206 1235 b
2215 1223 2225 1250 ;

621 1273 657 1304 V.
673 1274 724 1308 85,
746 1282 797 1312 ep.
814 1273 901 1310 624.)
925 1291 928 1293 -

662 1322 800 1355 30665.
820 1342 858 1347 -
877 1325 1090 1365 Berenquario
1114 1324 1152 1355 de
1172 1323 1325 1361 olivaria,
1344 1322 1444 1364 presb.
1465 1322 1695 1353 Barchinonen.
1719 1321 1775 1357 di.,
1797 1321 1905 1361 gratia
1928 1329 2024 1360 exsp.
2042 1320 2156 1351 benef.
2176 1328 2225 1351 00-

617 1379 802 1411 clesiastici
818 1379 861 1419 (0.
879 1388 906 1410 0.
925 1380 966 1410 60
985 1378 1039 1410 vel
1055 1387 1083 1409 s.
1101 1388 1129 1409 0.
1145 1379 1186 1410 40
1202 1378 1224 1410 l.
1242 1377 1283 1417 t.)
1299 1378 1340 1408 ad
1356 1377 1423 1417 ep.i
1442 1378 1474 1407 et
1489 1376 1589 1415 capit.
1610 1375 1857 1407 Barchinonen.
1875 1374 2136 1414 dispositionem
2153 1381 2228 1413 per-

616 1433 697 1469 tin.;
714 1441 781 1464 non
798 1432 885 1464 obst.
903 1431 1015 1463 benef.
1034 1432 1153 1463 altaris
1170 1432 1204 1464 S.
1224 1432 1268 1462 M.
1290 1431 1347 1462 siti
1371 1431 1406 1461 in
1422 1430 1505 1461 eccl.
1521 1439 1548 1460 s.
1566 1429 1709 1461 Eulaliae
1728 1429 1769 1460 de
1785 1428 1935 1459 Corrono
1958 1427 2128 1464 inferiori,
2148 1426 2228 1458 Bar-

618 1487 797 1518 chinonen.
824 1486 884 1524 di.,
905 1487 946 1525 (s.
965 1495 992 1517 0.
1013 1487 1052 1517 10
1070 1486 1093 1516 1.
1110 1486 1134 1517 t.
1154 1486 1201 1525 p.)
1215 1504 1253 1508 —
1274 1485 1301 1516 I.
1321 1494 1350 1515 e.
1370 1493 1416 1515 m.
1434 1485 1580 1515 monast.
1599 1492 1626 1514 s.
1644 1482 1754 1519 Pauli,
1779 1491 1839 1522 per
1857 1482 2007 1522 priorem
2023 1481 2118 1512 soliti
2135 1480 2227 1521 gub„

617 1540 862 1572 Barchinonen.
894 1540 953 1576 di.,
982 1541 1015 1571 et
1046 1548 1074 1570 s.
1098 1539 1205 1570 Annae
1229 1538 1476 1570 Barchinonen.
1505 1536 1690 1576 prioribus,
1721 1537 1821 1575 atque
1850 1535 1977 1566 archid.
2008 1534 2173 1575 Urgelleti
2197 1534 2229 1565 et

617 1594 866 1626 Vallisandorae
883 1593 918 1624 in
936 1593 1018 1624 eccl.
1036 1593 1244 1633 Urgellensi.
1263 1592 1315 1630 (A.
1332 1593 1384 1629 30,
1402 1591 1425 1622 f.
1442 1593 1478 1622 31
1497 1590 1528 1628 1>;
1554 1589 1586 1622 V.
1601 1591 1652 1627 86,
1672 1599 1724 1629 ep.
1743 1589 1847 1628 1151.)

663 1642 800 1676 30666.
819 1665 859 1670 -
879 1647 1041 1678 Bernardo
1059 1646 1141 1677 dicto
1156 1647 1260 1686 Lonqe
1276 1654 1372 1686 prov.
1389 1653 1507 1676 canon.
1527 1643 1590 1675 sub
1606 1653 1702 1683 exsp.
1721 1642 1823 1682 praeb.
1843 1643 1924 1674 eccl.
1941 1642 2228 1679 Bardewicensis,

619 1702 764 1733 Verden.
778 1701 842 1736 di.;
862 1710 928 1732 non
943 1700 1030 1732 obst.
1045 1700 1135 1740 quod
1146 1700 1311 1740 quosdam
1328 1707 1460 1730 annuos
1475 1698 1628 1729 redditus
1644 1698 1699 1738 (12
1714 1697 1787 1728 flor.
1802 1696 1856 1727 vel
1871 1697 1986 1735 circa),
2004 1696 2229 1727 consistentes

619 1755 654 1785 in
673 1755 796 1794 oppido
815 1754 1101 1794 Lunemburgen,
1119 1754 1216 1784 dictae
1231 1753 1292 1790 di.,
1306 1753 1380 1783 loco
1389 1752 1566 1791 cujusdam
1581 1752 1752 1790 perpetuae
1768 1750 1903 1781 vicariae
1922 1749 2102 1780 fundandae
2118 1748 2230 1788 quoad

620 1817 801 1848 personam
821 1817 918 1839 suam
935 1808 970 1838 in
986 1807 1117 1847 capella
1132 1816 1158 1838 s.
1177 1806 1314 1838 Nicolai
1334 1806 1482 1837 Verden.
1507 1805 1669 1836 obtineat.
1686 1821 1725 1826 —
1744 1804 1770 1834 Ι.
1791 1813 1820 1834 0.
1845 1812 1890 1834 m.
1916 1812 1993 1842 ep.o
2010 1803 2173 1838 Minden.‚
2197 1803 2230 1833 et

620 1861 734 1893 abbati
757 1862 903 1892 monast.
925 1862 965 1892 de
991 1861 1108 1892 Insula
1126 1862 1222 1891 extra
1244 1868 1362 1890 muros
1387 1859 1550 1895 Minden.,
1575 1867 1613 1889 ac
1631 1866 1718 1897 mag.
1747 1856 1887 1888 Nicolao
1913 1857 1953 1887 de
1982 1857 2126 1892 Fractis‚
2154 1864 2227 1886 can.

621 1916 811 1951 Patracen„
830 1915 896 1945 litt.
916 1916 1027 1954 apost.
1042 1913 1235 1945 correctori.
1255 1913 1310 1953 (A.
1328 1915 1378 1947 31,
1399 1913 1421 1943 f.
1438 1914 1478 1943 23
1495 1917 1523 1948 ³;
1547 1911 1583 1942 V.
1600 1912 1653 1948 86,
1671 1920 1723 1950 ep.
1743 1912 1846 1948 1565.)

666 1966 803 1998 30667.
830 1986 868 1991 —
890 1968 1072 1998 Hermanno
1093 1967 1269 1998 Hermanni
1296 1967 1332 1997 de
1361 1965 1529 2001 Medebeke,
1553 1975 1622 1995 can.
1647 1964 1704 1994 sub
1727 1974 1812 2005 exsp.
1835 1963 1931 2005 praeb.
1959 1962 2032 1993 eccl.
2056 1963 2228 2002 Susatien„

624 2021 784 2052 Colonien.
798 2021 856 2057 di.,
874 2031 968 2060 prov.
988 2030 1105 2052 canon.
1124 2021 1187 2052 sub
1206 2029 1302 2060 exsp.
1322 2019 1425 2059 praeb.
1444 2019 1524 2050 eccl.
1545 2027 1571 2050 s.
1592 2018 1752 2058 Ludigeri
1768 2017 2009 2049 Monasterien.
2035 2033 2073 2038 —
2089 2017 2114 2047 I.
2135 2025 2164 2047 e.
2183 2025 2229 2047 m.

623 2076 758 2107 Tullen.
781 2077 812 2106 et
838 2075 1010 2107 Susatien.
1027 2074 1231 2111 scolasticis,
1248 2083 1286 2105 ac
1305 2073 1435 2105 cantori
1453 2073 1605 2113 ejusdem
1629 2071 1853 2107 Susatiensis,
1869 2071 2043 2102 Colonien.
2069 2070 2128 2107 di.,
2148 2070 2229 2101 eccl.

624 2130 676 2168 (A.
695 2131 746 2166 31,
769 2129 791 2160 f.
810 2131 870 2160 240
887 2134 918 2166 ⁸;
942 2129 978 2160 V.
996 2130 1048 2165 88,
1067 2137 1119 2168 ep.
1138 2129 1245 2164 3069.)

669 2180 806 2212 30668.
822 2200 862 2206 -
877 2182 1086 2213 Joannidicto
1104 2182 1221 2222 Lumpe
1236 2181 1346 2222 gratia
1363 2189 1459 2220 exsp.
1471 2180 1582 2211 benef.
1597 2179 1709 2210 saecul.
1727 2179 1770 2219 (c.
1787 2188 1813 2210 c.
1828 2179 1878 2214 25,
1896 2178 1949 2209 vel
1965 2187 1992 2209 s.
2010 2187 2037 2208 0.
2054 2179 2090 2209 15
2102 2177 2228 2208 march.

624 2239 722 2277 arg),
747 2237 788 2267 ad
812 2236 925 2268 collat.
950 2236 1083 2267 abbatis
1101 2237 1134 2267 et
1151 2244 1246 2266 conv.
1270 2236 1415 2266 monast.
1436 2234 1471 2264 in
1497 2233 1658 2272 Grascap‚
1677 2233 1717 2265 O.
1742 2233 1775 2264 S.
1802 2233 1855 2268 B..
1875 2232 2047 2263 Colonien.
2068 2231 2138 2268 di.;
2164 2239 2232 2262 non

625 2291 710 2323 obst.
727 2291 762 2321 in
778 2290 921 2321 ecclesia
939 2289 1046 2321 veteri
1062 2299 1089 2320 s.
1108 2289 1208 2320 Pauli
1229 2287 1471 2320 Monasterien.
1495 2296 1613 2318 canon.
1632 2285 1695 2317 sub
1711 2295 1808 2325 exsp.
1827 2285 1930 2325 praeb.
1955 2303 1992 2307 —
2010 2285 2037 2315 I.
2061 2294 2090 2316 e.
2110 2294 2155 2316 m.
2178 2284 2232 2315 de-

624 2354 707 2376 cano
731 2353 759 2375 s.
779 2344 917 2383 Georgii
934 2343 1124 2380 Colonien.,
1151 2344 1184 2374 et
1201 2342 1334 2373 Tullen.
1355 2351 1393 2373 ac
1409 2342 1443 2373 S.
1460 2341 1505 2372 M.
1531 2340 1573 2371 ad
1592 2340 1726 2371 Gradus
1746 2339 1922 2371 Colonien.
1942 2338 2132 2370 scolasticis
2150 2338 2229 2369 0001.

625 2398 678 2438 (A.
693 2400 745 2435 31,
764 2398 786 2428 f.
803 2399 864 2429 240
881 2397 914 2430 ¹¹:
938 2396 971 2428 V.
993 2398 1045 2434 88,
1061 2405 1114 2436 ep.
1129 2396 1235 2434 3070.)

670 2448 808 2482 30669.
827 2468 866 2474 -
883 2450 1061 2481 Hermanno
1078 2450 1115 2480 de
1130 2449 1243 2490 Berqle
1260 2448 1450 2480 habilitatio
1464 2448 1505 2478 ad
1522 2447 1686 2478 beneficia
1702 2456 1729 2477 0.
1747 2455 1774 2476 0.
1791 2446 1845 2477 vel
1862 2455 1889 2477 s.
1909 2455 1937 2476 0.
1953 2445 2147 2482 obtinenda,
2166 2453 2232 2475 non

625 2505 711 2536 obst.
740 2504 831 2545 quod
857 2504 951 2540 olim,
978 2512 1054 2534 cum
1078 2512 1182 2542 super
1204 2502 1337 2533 defectu
1366 2501 1529 2533 natalium
1555 2509 1655 2540 quem
1678 2500 1818 2539 patitur,
1843 2507 1920 2530 cum
1949 2499 1994 2529 sit
2021 2507 2038 2529 e
2064 2498 2175 2528 soluto
2200 2498 2233 2528 et

626 2559 738 2590 soluta
756 2559 902 2598 genitus,
920 2558 1140 2597 dispensatus
1162 2557 1296 2593 fuisset,
1317 2564 1437 2587 omnes
1455 2555 1539 2593 ord.‚
1563 2563 1680 2585 canon.
1699 2555 1730 2584 et
1749 2552 1851 2593 praeb.
1870 2552 1950 2583 eccl.
1970 2552 2005 2582 in
2025 2551 2230 2590 Gemheym,

626 2613 799 2644 Colonien.
824 2612 884 2649 di.,
912 2611 1087 2650 receperit,
1113 2619 1150 2640 ac
1174 2609 1303 2649 absque
1326 2609 1398 2639 ulla
1420 2609 1487 2639 alia
1513 2608 1664 2647 dispens
1693 2606 1922 2646 parochialem
1945 2605 2025 2636 eccl.
2053 2605 2087 2634 in
2115 2604 2230 2640 Linse,

626 2667 807 2698 Treveren.
823 2665 882 2702 di.,
901 2666 1078 2695 assecutus
1090 2664 1205 2701 fuerit,
1222 2671 1364 2702 eamque
1376 2671 1452 2693 cum
1467 2670 1585 2692 canon.
1598 2663 1630 2691 et
1643 2660 1745 2699 praeb.
1763 2659 1933 2699 praedictis
1947 2667 2006 2697 per
2018 2656 2232 2696 septennium

626 2720 785 2751 tenuerit.
816 2719 870 2758 (A.
896 2719 946 2755 31,
976 2718 998 2748 f.
1019 2719 1080 2749 284
1107 2717 1139 2755 b;
1170 2716 1203 2748 V.
1234 2717 1285 2753 88,
1314 2725 1367 2755 ep.
1396 2717 1492 2751 31923
1518 2714 1706 2746 Sauerland
1729 2711 1958 2753 (Rheinlande),
1981 2713 2005 2742 t.
2034 2711 2077 2747 ΙΙ,
2100 2719 2134 2750 p.
2161 2710 2231 2746 103,

629 2781 660 2803 n.
682 2773 785 2811 1360.)

675 2823 812 2854 30670.
833 2843 868 2848 -
890 2823 1032 2855 Arnoldo
1055 2824 1091 2855 de
1109 2824 1226 2854 Duseve
1249 2823 1358 2863 gratia
1380 2831 1476 2861 exsp.
1495 2822 1601 2861 dign„
1622 2820 1674 2851 vel
1697 2820 1910 2860 personatus,
1935 2826 1995 2848 seu
2014 2817 2068 2847 off.
2087 2825 2115 2847 c.
2135 2824 2162 2846 0.
2179 2814 2234 2846 vel

630 2888 659 2910 s.
676 2888 705 2910 0.
727 2879 763 2910 in
778 2878 859 2910 eccl.
889 2878 1137 2918 Osnaburgen..
1162 2877 1198 2907 in
1218 2885 1284 2916 qua
1304 2885 1421 2907 canon.
1453 2875 1582 2907 obtinet
1598 2873 1662 2904 sub
1679 2881 1773 2911 exsp.
1800 2870 1914 2911 praeb.‚
1932 2870 2061 2901 consid.
2087 2868 2234 2901 Gotfridi

630 2932 699 2972 ep.i
716 2922 969 2972 osnaburgen.;
988 2940 1054 2962 non
1071 2930 1159 2962 obst.
1177 2930 1212 2961 in
1229 2932 1411 2969 Angaren„
1426 2927 1659 2966 Osnaburgen.
1682 2926 1740 2962 di.,
1759 2933 1834 2955 cum
1850 2923 1953 2963 praeb.
1975 2924 2007 2953 et
2026 2923 2060 2953 in
2081 2931 2109 2952 s,
2130 2922 2233 2953 Seve-

631 2985 698 3016 rini
725 2984 899 3016 Colonien.
919 2984 1000 3016 eccl.
1025 2983 1088 3015 sub
1111 2992 1206 3023 exsp.
1235 2982 1338 3022 praeb.
1358 2983 1390 3013 et
1413 2981 1533 3012 ferculi
1551 2978 1818 3011 canonicatibus.
1836 2994 1874 2999 —
1891 2976 1917 3006 I.
1941 2984 1970 3006 e.
1995 2984 2040 3006 m.
2059 2975 2184 3005 decano
2201 2976 2236 3006 et

342 3082 489 3109 JoANNJs
509 3081 592 3109 xxn.
611 3098 646 3102 -
666 3082 697 3108 T.
716 3081 776 3108 vn.
2060 3072 2094 3099 13
