2560 3476
497 647 1165 789 JOANNIS
1256 685 1687 833 PAPAE
1779 686 2121 788 XXII

1116 872 1505 945 (1316-1334)

796 1089 1259 1163 LITTERAE
1324 1090 1454 1163 DE
1515 1089 1828 1164 CURIA
1878 1059 1880 1062 ’
1945 1175 1948 1178 ,

1132 1473 1169 1522 Α
1187 1473 1228 1521 Ν
1248 1473 1289 1522 Ν
1309 1473 1318 1521 Ι
1379 1471 1416 1521 Χ
1432 1472 1469 1520 ΙΙ

892 1620 896 1623 ,
946 1584 985 1630 (5
1014 1587 1110 1633 sept.
1141 1584 1255 1623 1327
1281 1606 1332 1612 —
1358 1585 1386 1622 4
1412 1585 1504 1633 sept.
1537 1583 1665 1633 1328)

314 1745 419 1772 Datum
437 1738 625 1772 Avenione.

902 1794 920 1802 s-

355 1846 396 1873 29
411 1853 475 1873 nov.
495 1844 583 1875 1327.
758 1840 897 1872 42374.
915 1861 955 1866 —
976 1844 1139 1875 Romanae
1164 1843 1327 1875 Ecclesiae
1351 1844 1543 1876 annectitur
1567 1845 1817 1877 monasterium
1843 1854 1871 1877 s.
1897 1846 2024 1878 Euticii
2050 1846 2092 1879 de
2117 1847 2328 1881 Vallecasto-

357 1892 405 1925 (111
425 1890 484 1918 kal.
501 1890 578 1923 dec.)
711 1897 820 1934 riana,
838 1897 1011 1936 Spoletan.
1028 1897 1088 1936 di.‚
1104 1906 1181 1928 cum
1197 1897 1270 1928 suis
1286 1897 1464 1928 fortalitiis
1479 1899 1512 1929 et
1526 1897 1674 1938 juribus,
1689 1907 1733 1930 ex
1745 1907 1784 1930 eo
1799 1899 1890 1939 quod
1908 1899 2005 1931 locus
2017 1901 2070 1932 est
2089 1899 2199 1938 fortis,
2215 1909 2254 1933 ac
2265 1910 2327 1942 pro

711 1950 920 1981 habitatione
937 1950 1080 1981 rectoris
1095 1951 1239 1981 ducatus
1261 1951 1436 1990 spoletani
1453 1951 1508 1982 vel
1532 1951 1734 1983 officialium
1749 1952 1823 1992 ejus
1849 1954 1949 1993 atque
1965 1962 2027 1994 pro
2044 1954 2228 1986 securitate
2245 1955 2328 1987 fide-

711 2004 797 2034 lium
815 2004 1013 2034 earumdem
1030 2004 1177 2043 partium
1190 2004 1288 2035 valde
1305 2005 1476 2043 propitius
1485 2014 1495 2041 ;
1514 2006 1646 2036 retenta
1659 2006 1772 2037 tamen
1793 2006 1949 2046 portione
1963 2015 2113 2048 congrua
2133 2015 2196 2047 pro
2211 2008 2327 2048 priore

712 2059 745 2088 et
760 2057 978 2088 monasterio.
994 2074 1032 2079 —-
1059 2058 1098 2088 In
1119 2066 1148 2088 e.
1174 2066 1220 2088 m.
1239 2058 1364 2089 Joanni
1391 2058 1432 2089 de
1450 2058 1598 2095 Amelio,
1617 2059 1744 2090 archid.
1770 2059 2013 2105 Forojuliensj,
2035 2060 2159 2093 rectori
2182 2061 2326 2094 ducatus

710 2110 896 2150 Spoletani,
910 2111 1092 2141 mandatur
1117 2112 1154 2141 ut
1169 2111 1424 2150 possessionem
1450 2111 1532 2142 dicti
1552 2112 1764 2150 monasterii,
1779 2113 1917 2145 nomine
1938 2114 1980 2146 R.
1998 2113 2052 2151 E„
2071 2113 2215 2154 accipiat
2232 2116 2266 2146 et
2283 2115 2326 2148 de

682 2188 684 2202 y
710 2164 892 2201 fructibus,
908 2164 1110 2201 redditibus,
1127 2165 1351 2204 proventibus
1369 2166 1402 2195 et
1421 2164 1684 2197 obventionibus
1701 2166 1874 2198 universis
1886 2167 1989 2198 Petro
2004 2167 2185 2207 Maynade,
2202 2168 2326 2200 rectori

712 2217 793 2249 eccl.
813 2218 853 2248 de
871 2218 1082 2257 VergeroHo,
1102 2218 1313 2249 Xanctonen.
1332 2218 1392 2255 di.‚
1419 2219 1601 2258 provinciae
1624 2219 1768 2251 ducatus
1791 2220 1925 2259 praefati
1944 2220 2172 2259 thesaurario,
2188 2229 2326 2262 respon-

709 2271 797 2302 deat.
817 2270 870 2309 (A.
888 2272 939 2308 29,
958 2271 982 2301 f.
1000 2272 1038 2302 76
1056 2271 1090 2307 ¹³3
1114 2270 1148 2300 V.
1165 2272 1218 2308 85,
1234 2280 1286 2310 ep.
1307 2274 1336 2307 7,
1354 2273 1394 2309 Β,
1411 2271 1449 2302 de
1465 2272 1581 2310 curia.)

268 2330 271 2336 ·
315 2325 351 2352 {3
369 2325 433 2361 (id.)
451 2325 510 2353 dec.
532 2325 621 2353 1327.
758 2321 896 2353 42375.
915 2342 953 2347 —
969 2324 1129 2364 Maqistris
1142 2323 1270 2366 Huyoni
1284 2325 1320 2355 de
1334 2325 1507 2361 Mirabello,
1524 2335 1626 2367 praep.
1646 2325 1820 2362 Mimaten„
1838 2330 1868 2357 et
1883 2326 2046 2358 Ber-nardo
2063 2326 2102 2358 de
2115 2337 2142 2359 s.
2162 2327 2323 2366 Mam-itio,

708 2378 898 2418 praecentori
915 2377 1162 2409 Autissiodoren.
1179 2378 1387 2416 ecclesiarum,
1404 2388 1496 2419 papae
1513 2378 1688 2420 capellanis
1702 2384 1732 2410 et
1752 2380 1792 2411 A.
1810 2379 1843 2411 S.
1863 2380 1999 2419 nunciis,
2017 2381 2241 2421 respondetur
2256 2390 2326 2414 non

708 2431 823 2462 valere
841 2431 1055 2468 collationem,
1071 2432 1187 2471 vigore
1211 2431 1384 2463 facultatis
1404 2433 1491 2472 ipsis
1516 2442 1535 2464 a
1550 2442 1638 2473 papa
1654 2442 1824 2465 concessae
1849 2434 2046 2477 conferendi
2067 2434 2233 2467 beneficia
2249 2444 2277 2468 c.
2293 2444 2322 2468 c.

709 2484 763 2516 vel
780 2493 807 2515 s.
827 2493 854 2515 c.
874 2484 1029 2515 vacantia
1056 2485 1181 2515 virtute
1207 2485 1463 2516 constitutionis
1480 2496 1494 2516 ι(
1523 2486 1723 2518 Eoeecrabilis
1742 2496 1758 2518 »
1774 2487 1829 2518 vel
1847 2496 1907 2527 per
1930 2488 2197 2528 acceptationem
2214 2490 2323 2530 poste-

709 2537 812 2568 rioris
833 2537 990 2568 beneficii
1007 2539 1039 2569 et
1055 2538 1131 2569 ideo
1148 2546 1168 2568 a
1183 2537 1216 2569 S.
1240 2537 1281 2569 A.
1303 2540 1486 2576 reservata,
1505 2539 1540 2570 in
1562 2541 1789 2572 Terraconen.
1811 2542 1843 2572 et
1862 2541 2158 2582 caesaraugustan.
2176 2542 2323 2575 civitati·
2367 2580 2369 2582 ,

709 2591 787 2628 bus,
804 2591 1008 2622 dioecesibus
1033 2593 1065 2622 et
1093 2591 1292 2630 provinciis,
1311 2600 1387 2622 cum
1412 2593 1557 2624 consilio
1579 2593 1806 2625 Terraconen.
1835 2595 1868 2625 et
1885 2594 2179 2635 caesaraugustan.
2197 2596 2324 2629 archie-

708 2644 939 2684 piscoporum,
960 2644 1067 2675 factas
1087 2644 1129 2675 ab
1150 2644 1238 2684 ipsis
1259 2644 1294 2675 in
1318 2645 1468 2680 civitate,
1485 2646 1532 2677 di.
1551 2647 1584 2677 et
1606 2646 1784 2686 provincia
1808 2647 2047 2685 Tei-raconem,
2075 2648 2151 2680 sine
2178 2649 2323 2682 consilio

706 2697 881 2737 personali
895 2698 1062 2734 Eximini,
1078 2697 1242 2737 archiepi
1264 2698 1530 2730 'terraconensis
1551 2700 1641 2738 apud
1658 2699 1692 2731 S.
1711 2701 1753 2731 A.
1771 2701 1954 2732 existentis
1972 2702 2005 2732 et
2024 2710 2127 2733 suum
2139 2703 2322 2735 consilium

709 2751 810 2782 dictis
829 2751 964 2782 nunciis
980 2751 1236 2782 committentis
1256 2751 1308 2790 (A.
1325 2753 1377 2789 29,
1397 2752 1420 2783 f.
1440 2754 1479 2783 76
1495 2757 1525 2789 ³3
1547 2752 1584 2783 V.
1599 2754 1651 2790 85,
1671 2762 1723 2793 ep.
1741 2755 1770 2789 7,
1786 2754 1829 2791 A,
1844 2753 1881 2784 de
1896 2754 2006 2795 curia.)

283 2805 373 2839 12(1v
395 2805 545 2840 id.)mart.
562 2804 651 2834 1328.
757 2801 894 2834 42376.
910 2823 948 2828 -
969 2805 1135 2836 Iteratum
1158 2805 1307 2836 edictum
1327 2806 1399 2836 tam
1417 2805 1604 2844 apostolica
1631 2815 1734 2846 quam
1760 2806 1932 2847 imperiali
1949 2808 2163 2846 auctoritate,
2185 2818 2260 2850 quae
2279 2810 2323 2842 ad

707 2858 835 2898 Papam
854 2858 1001 2898 Imperio
1027 2859 1167 2889 vacante
1183 2858 1342 2898 pertinet,
1360 2858 1538 2890 continens
1557 2859 1753 2891 citationem
1769 2861 1986 2900 personalem
2001 2861 2091 2893 intra
2105 2862 2212 2894 trium
2229 2871 2322 2895 rnen-

707 2912 796 2943 sium
823 2912 973 2951 spatium
1001 2913 1118 2943 contra
1146 2912 1330 2943 nonnullos
1356 2912 1391 2943 in
1410 2912 1622 2943 Lombardiae
1639 2913 1838 2953 superioris,
1856 2914 2015 2946 Marchiae
2033 2916 2066 2946 et
2085 2915 2229 2948 Januen.
2244 2925 2320 2957 par-

706 2965 801 2996 tibus
814 2965 978 2996 cudentes
994 2966 1026 2996 et
1042 2965 1247 2996 fabricantes
1264 2965 1410 2997 florenos
1428 2965 1503 2997 auri
1528 2966 1715 2998 secundum
1734 2967 1877 2998 formam
1897 2969 1930 2999 et
1952 2968 2092 3000 eunium
2113 2969 2320 3002 florenorum

707 3018 858 3049 civitatis
877 3018 1094 3050 Florentinae.
1115 3019 1167 3058 (A.
1184 3020 1235 3056 29,
1250 3018 1273 3050 f.
1289 3020 1327 3050 75
1341 3024 1370 3056 ⁸3
1389 3019 1424 3050 V.
1441 3020 1493 3055 85,
1508 3027 1560 3060 ep.
1575 3021 1605 3057 2,
1622 3018 1660 3050 de
1675 3011 1789 3059 curia.)
