2560 3476
211 423 315 451 Datum
337 417 521 452 Avenione.

184 735 285 772 6(v1n
308 735 361 771 id.)
385 735 440 771 feb.
460 736 551 765 1328.

277 781 308 808 Τ.
325 781 372 815 XI,
388 781 460 808 XIII.

198 949 215 977 7
232 949 288 985 (vu
304 949 356 983 id.)
372 949 427 984 feb.
447 949 537 978 4328.

271 994 303 1022 T.
324 994 370 1026 XI,
390 994 464 1022 XIII.

326 1215 363 1242 Ut
382 1223 406 1242 s.

276 1259 306 1287 T.
325 1260 372 1294 XI,
390 1260 461 1287 XIII.

327 1428 364 1457 Ut
383 1437 407 1456 s.

276 1473 307 1501 T.
323 1473 370 1507 XI,
386 1473 458 1501 XIII.
508 1517 512 1522 -

330 1641 367 1669 Ut
381 1649 404 1668 s.

294 1686 325 1714 T.
344 1686 438 1714 XXIV.

208 2283 229 2311 8
244 2283 287 2319 (vx
301 2282 355 2315 m.)
370 2283 424 2318 feb.
441 2282 530 2310 4328.
569 2292 575 2299 -

300 2327 331 2355 T.
353 2327 438 2355 XXII.

333 2603 370 2632 Ut
384 2612 408 2631 s.

297 2649 328 2676 T.
350 2649 444 2677 XXIV.

335 2870 370 2898 Ut
391 2879 414 2897 s.

228 2915 262 2942 Τ.
278 2914 314 2942 xl
332 2915 378 2949 ¹l2,
394 2914 455 2942 XIII
473 2915 519 2948 ¹l2·

579 331 753 369 JOANNIS
777 331 1019 385 PAPAE-XXII.
1043 335 1290 373 (1316-1334).
1315 352 1353 357 —
1376 335 1563 366 LITTERAE
1586 335 1812 366 COMMUNES
2156 337 2216 370 169

611 531 699 554 anno
717 522 828 562 primo
853 523 887 553 et
913 523 989 562 post
1015 522 1146 554 obitum
1174 532 1261 564 mag.
1282 524 1373 556 Petri
1398 525 1439 556 de
1458 525 1596 566 Campis
1617 526 1651 556 in
1675 526 1746 557 illis
1774 526 1928 566 partibus
1952 526 2102 558 indebite
2127 527 2215 559 dicto

610 576 758 607 Henrico
777 585 796 607 a
819 576 980 607 collatore
1005 577 1167 607 consueto
1190 577 1335 614 collatae;
1355 586 1422 609 non
1443 577 1529 609 obst.
1547 579 1583 609 in
1600 579 1682 610 eccl.
1700 580 1906 611 Lexoviensi
1925 588 2043 611 canon.
2059 581 2090 611 et
2111 580 2213 620 praeb.

611 647 648 652 —
667 629 706 660 In
723 637 751 661 e.
771 637 817 660 m.
840 628 953 660 abbati
974 630 1119 660 monast.
1138 629 1178 660 de
1202 621 1455 668 Validomonte‚
1474 631 1758 672 Rothomagensis
1783 632 1842 668 di.,
1858 633 1891 664 et
1911 633 2037 664 decano
2053 633 2215 665 Cenoma-

611 691 701 720 nen.,
717 691 756 713 ac
771 682 900 713 cantori
917 682 1149 714 Constantien.
1169 682 1250 713 eccl.
1268 682 1320 722 (A.
1335 684 1387 719 32,
1405 683 1426 715 f.
1444 686 1504 716 316
1521 689 1550 721 ὃ;
1576 684 1611 716 V.
1633 686 1684 722 88,
1702 694 1755 725 ep.
1773 687 1879 724 3209.)

655 732 791 764 40384.
810 751 848 757 -
862 733 996 765 Henrico
1013 734 1050 765 de
1069 734 1325 772 Widechenstein,
1344 744 1416 767 can.
1435 737 1580 776 praeben.
1597 738 1677 769 eccl.
1705 747 1751 769 ss.
1770 738 2012 778 Apostolorum
2027 739 2214 777 Colonien.,

611 797 706 829 prov.
731 797 851 820 canon.
871 788 935 819 sub
960 797 1055 828 exsp.
1073 788 1176 828 praeb.
1194 789 1275 819 eccl.
1297 789 1524 821 Coloniensis.
1547 809 1585 814 —-
1612 791 1638 822 I.
1657 800 1687 822 e.
1706 800 1751 822 m.
1772 801 1875 832 praep.
1898 800 1926 823 s.
1943 792 2096 823 Severini
2114 793 2147 823 et
2161 792 2215 823 de·

610 851 694 873 cano
710 850 737 873 S.
752 841 891 882 Georgii
907 841 1097 878 Colonien„
1113 850 1150 872 ac
1163 850 1251 882 mag.
1265 841 1405 873 Nicolao
1421 842 1461 874 de
1477 843 1622 881 Fractss,
1636 852 1710 875 can.
1723 845 1899 876 Patracen.
1914 845 2009 880 eccl„
2022 845 2088 877 litt.
2104 846 2214 884 apost.

610 895 804 927 correctori.
823 895 877 935 (A.
896 896 946 933 31,
965 894 987 926 f.
1005 896 1065 926 293
1083 894 1112 931 ὓς
1134 895 1170 926 V.
1190 896 1242 932 88,
1260 903 1312 934 ep.
1331 896 1437 934 3212.)

655 945 791 978 40385.
809 965 844 970 -
865 948 957 979 Petro
981 947 1019 979 de
1042 947 1212 980 Gz'nolhaco
1228 948 1341 980 collat.
1362 957 1480 980 canon.
1507 949 1571 980 sub
1587 958 1682 990 exsp.
1705 950 1807 990 praeb.
1827 958 1904 981 cum
1925 951 2168 990 praestimoniis
2185 952 2218 982 et

610 1001 937 1042 praestimonialibus
961 1001 1178 1041 portionibus
1201 1002 1282 1033 eccl.
1309 1002 1513 1037 Corduben„
1537 1003 1667 1034 consid.
1690 1003 1869 1034 Bertrandi
1887 1004 1955 1043 ep.i
1984 1004 2168 1035 Tusculan.
2186 1006 2218 1036 et

610 1055 790 1087 Bertrandi
808 1055 842 1087 S.
859 1055 904 1086 M.
924 1055 960 1086 in
974 1055 1104 1095 Aquiro
1123 1055 1209 1086 diac.
1230 1056 1320 1086 card.
1336 1073 1378 1078 -
1391 1055 1417 1086 I.
1436 1065 1464 1086 e.
1486 1065 1531 1087 m.
1551 1056 1627 1088 abb.
1647 1058 1794 1088 monast.
1813 1065 1839 1087 s.
1867 1057 2020 1088 Thiberii
2038 1057 2217 1097 Agathen.,

611 1109 644 1140 et
669 1108 814 1141 Geraldo
841 1109 1015 1140 Ademarii
1040 1117 1078 1139 ac
1094 1109 1294 1140 Fortanerio
1318 1109 1359 1140 de
1385 1109 1569 1147 Gordoni0‚
1594 1118 1667 1140 can.
1695 1110 1883 1141 Ruthenen.
1911 1110 1964 1148 (A.
1986 1111 2038 1147 30,
2063 1110 2085 1142 f.
2111 1112 2169 1142 106
2187 1110 2216 1148 ὓς

616 1161 653 1193 V.
666 1162 717 1198 86,
732 1171 785 1201 ep.
802 1163 908 1200 1318).

656 1212 793 1244 40386.
808 1233 850 1238 -
875 1214 1007 1246 Roberto
1032 1215 1068 1246 de
1092 1215 1261 1247 Ginolhaco
1285 1215 1399 1246 collat.
1427 1224 1547 1247 canon.
1573 1216 1636 1247 sub
1666 1225 1760 1256 exsp.
1779 1216 1882 1255 praeb.
1911 1216 1991 1247 eccl.
2019 1225 2045 1247 s.
2064 1217 2221 1256 Caprasii

612 1269 798 1309 Agennen.‚
825 1269 955 1300 consid.
973 1269 1152 1300 Bertrandi
1169 1269 1236 1309 ep.i
1253 1269 1437 1300 Tusculan.
1455 1271 1487 1300 et
1503 1269 1683 1301 Bertrandi
1698 1270 1731 1301 S.
1749 1270 1793 1301 M.
1815 1270 1850 1300 in
1874 1270 2006 1310 Aquiro
2023 1270 2109 1301 diac.
2128 1270 2219 1301 card.

610 1340 650 1345 -
665 1322 692 1354 I.
714 1331 743 1353 e.
762 1331 806 1354 m.
825 1331 902 1361 ep.o
918 1331 945 1353 s.
965 1322 1101 1362 Papuli,
1122 1323 1154 1353 et
1173 1322 1348 1354 Bel-nardo
1363 1323 1520 1363 Hugonis
1542 1323 1582 1354 de
1597 1323 1812 1358 Cardalhaco,
1830 1331 1867 1354 ac
1882 1323 2072 1355 Bertrando
2088 1323 2128 1354 de
2145 1323 2220 1355 Bal·

611 1376 776 1416 laguerio,
792 1384 865 1407 can.
884 1376 1074 1407 Ruthenen.
1093 1376 1146 1416 (A.
1162 1377 1214 1414 30,
1233 1376 1254 1406 f.
1275 1377 1332 1406 108
1349 1381 1378 1414 a;
1401 1375 1434 1408 V.
1451 1378 1503 1414 86,
1521 1385 1574 1416 ep.
1592 1376 1699 1416 1319.)

656 1426 794 1458 40387.
810 1447 850 1452 -
876 1428 1022 1460 Michaeli
1038 1428 1076 1460 de
1099 1429 1199 1467 Faxo,
1219 1428 1291 1460 cler.
1310 1430 1430 1470 Aquen.
1455 1429 1513 1466 di.,
1529 1430 1638 1470 gratia
1658 1438 1754 1470 exsp.
1774 1429 1885 1461 benef.
1904 1431 1944 1470 (c.
1966 1439 1994 1461 c.
2012 1432 2052 1462 60
2068 1430 2122 1461 vel
2143 1439 2171 1461 s.
2190 1439 2217 1462 c.

611 1483 688 1514 301.
704 1484 726 1513 t.
745 1491 811 1513 sec.
838 1483 909 1514 tax.
926 1483 1025 1522 dec.),
1045 1483 1166 1522 pertin.
1191 1483 1233 1513 ad
1258 1483 1473 1514 collationem
1499 1483 1567 1523 ep.i
1590 1483 1816 1515 Conseranen.
1836 1501 1873 1506 —
1895 1483 1921 1514 I.
1945 1491 1973 1514 e.
1994 1491 2038 1514 m.
2061 1483 2137 1514 abb.
2152 1492 2220 1515 mo-

612 1537 700 1567 nast.
721 1536 761 1568 de
789 1535 1008 1571 Fulhenchis,
1024 1538 1056 1567 et
1083 1536 1189 1576 priori
1216 1536 1257 1568 de
1283 1536 1438 1572 Reumis,
1465 1536 1586 1568 Riven.
1602 1538 1635 1568 et
1662 1536 1876 1567 Lomberien.
1893 1536 1952 1574 di.,
1973 1545 2011 1568 ac
2036 1536 2161 1568 archid.
2179 1537 2220 1568 de

611 1589 705 1620 Aura
720 1589 755 1620 in
769 1589 849 1621 eccl.
866 1590 1113 1621 Convenarum.
1131 1590 1183 1628 (A.
1199 1591 1250 1628 30,
1273 1589 1295 1620 f.
1315 1591 1376 1621 386
1393 1595 1422 1627 ει;
1447 1589 1480 1621 V.
1494 1591 1544 1627 86,
1560 1598 1612 1630 ep.
1631 1589 1740 1629 1852.)

656 1640 795 1673 40388.
819 1661 858 1666 —
886 1642 1047 1675 Caminen.
1076 1647 1105 1673 et
1128 1643 1161 1673 in
1184 1642 1372 1684 Dyllcirqen,
1400 1643 1560 1674 Treveren.
1582 1642 1639 1680 di.,
1663 1642 1797 1682 decanis,
1826 1652 1861 1673 ac
1886 1653 1968 1683 maq.
1989 1642 2158 1683 Godefrido
2185 1643 2221 1673 de

612 1706 637 1727 s.
653 1696 835 1733 Kuniberto,
861 1706 929 1727 can.
947 1696 1109 1728 Colonien.
1128 1695 1213 1733 eccl„
1232 1696 1346 1727 mand.
1369 1697 1405 1727 ut
1427 1696 1575 1727 Henrico
1594 1696 1683 1727 dicto
1706 1697 1746 1727 de
1769 1696 2028 1736 Geminoponte,
2047 1705 2120 1727 can.
2138 1705 2219 1736 prae-

612 1749 690 1781 ben.
703 1750 784 1781 eccl.
802 1751 971 1787 Bunnen„
985 1749 1160 1781 Colonien.
1179 1750 1238 1787 di.,
1255 1749 1456 1780 confirment
1472 1758 1580 1789 usque
1598 1749 1640 1780 ad
1660 1749 1847 1780 triennium
1863 1749 2015 1780 officium
2037 1749 2220 1789 pincerniae

613 1802 720 1842 ejusd.
742 1803 836 1840 eccl„
855 1804 1054 1834 consuetum
1071 1812 1131 1842 per
1146 1803 1291 1834 decanos
1307 1804 1338 1834 et
1354 1812 1384 1832 1v
1402 1802 1555 1833 seniores
1572 1811 1645 1833 can.
1663 1803 1774 1842 ipsius
1791 1803 1872 1833 eccl.
1892 1802 1934 1833 ad
1953 1810 2059 1833 unum
2078 1803 2131 1833 vel
2147 1803 2219 1842 plu-

612 1864 668 1887 res
689 1864 809 1892 annos,
828 1864 889 1896 pro
914 1865 1031 1887 eorum
1056 1856 1242 1887 voluntatis
1269 1855 1494 1895 beneplacito,
1511 1855 1609 1886 dictae
1635 1856 1715 1886 eccl.
1733 1855 1906 1886 canonicis
1931 1855 2112 1895 assignari,
2130 1855 2220 1895 quod

613 1917 674 1948 pro
689 1909 847 1949 praesenti
865 1918 953 1940 anno
967 1909 1055 1940 dicto
1067 1909 1214 1940 Henrico
1232 1909 1296 1940 fuit
1314 1917 1524 1946 concessum,
1540 1909 1601 1940 sed
1618 1909 1691 1948 ipse
1707 1909 1911 1948 supplicavit
1927 1910 1965 1940 ut
1983 1909 2024 1939 ad
2036 1909 2140 1940 vitam
2155 1908 2221 1940 sibi

613 1963 740 1994 dictum
766 1963 822 1994 off.
846 1963 940 2002 Papa
960 1963 1188 1999 confirmaret,
1206 1962 1255 1994 ita
1273 1962 1364 2002 quod
1387 1962 1523 1993 interim
1543 1971 1610 1993 non
1632 1962 1741 2001 possit
1759 1962 1910 1993 amoveri
1925 1962 2053 2002 absque
2071 1962 2105 1993 S.
2125 1962 2163 1993 A.
2181 1962 2219 1993 li-

612 2016 723 2047 centia
747 2016 900 2056 speciali,
918 2025 978 2047 nec
1003 2025 1063 2056 per
1081 2016 1330 2047 assecutionem
1355 2015 1551 2055 hujusmodi
1568 2015 1623 2046 off.
1642 2016 1684 2046 ad
1699 2015 1936 2046 dimissionem
1953 2015 2092 2047 decimae
2108 2015 2219 2047 vinea-

612 2078 700 2107 rum,
716 2069 783 2100 sibi
801 2069 933 2100 ratione
947 2069 1134 2108 praebendae
1152 2069 1250 2100 dictae
1266 2069 1346 2102 eccl.
1364 2068 1601 2108 competentis,
1619 2070 1784 2104 teneatur,
1803 2070 1902 2108 prout
1918 2077 1960 2099 ex
1977 2069 2220 2101 consuetudine

613 2123 724 2162 ipsius
740 2123 820 2154 eccl.
840 2122 963 2154 dicitur
983 2122 1172 2159 observari3
1189 2131 1256 2153 non
1278 2121 1365 2153 obst.
1384 2130 1502 2153 canon.
1526 2123 1558 2153 et
1575 2122 1678 2161 praeb.
1701 2122 1781 2153 eccl.
1799 2122 1833 2154 S.
1852 2122 1898 2153 M.
1917 2122 1960 2153 ad
1976 2122 2109 2154 Gradus
2125 2122 2220 2153 Colo-

613 2176 702 2207 nien.
721 2178 754 2207 et
780 2185 876 2216 exsp.
895 2176 1006 2207 benef.
1030 2185 1057 2206 c.
1077 2184 1105 2206 c.
1123 2176 1175 2207 vel
1196 2185 1224 2206 s.
1247 2185 1274 2206 c.
1295 2175 1336 2206 ad
1361 2175 1475 2206 collat.
1503 2175 1672 2206 cellerarii
1692 2175 1789 2206 dictae
1812 2176 1965 2206 Bunnen.
1989 2175 2070 2206 eccl.
2093 2175 2145 2215 (A.
2167 2177 2219 2214 31,

613 2230 635 2261 f.
653 2231 714 2261 304
730 2230 760 2267 ¹³3
781 2229 816 2261 V.
835 2230 886 2267 88,
903 2239 956 2269 ep.
975 2231 1071 2267 3233;
1088 2229 1276 2261 Sauerland
1293 2228 1523 2269 (Rheinlande),
1541 2230 1564 2259 t.
1582 2229 1625 2265 ΙΙ,
1640 2237 1672 2268 p.
1691 2230 1761 2265 129,
1779 2237 1811 2259 n.
1830 2230 1934 2267 1423.)

658 2280 796 2313 40389.
814 2301 854 2306 —
877 2283 964 2324 Ep.o
987 2293 1012 2313 s.
1033 2282 1165 2324 Papuh,
1186 2287 1214 2313 et
1238 2282 1344 2313 abbati
1367 2287 1501 2313 monast.
1521 2282 1740 2319 Bonaecumbae,
1766 2282 1938 2314 Ruthenen.
1968 2282 2026 2319 di.,
2048 2292 2084 2312 ac
2101 2281 2219 2313 archid.

613 2336 729 2368 Elnen.
748 2337 860 2368 mand.
881 2339 918 2368 ut
935 2337 1087 2368 Deodato
1105 2336 1287 2372 Dichavas‚
1306 2337 1385 2367 cler.
1404 2335 1552 2367 Vabren.
1568 2336 1627 2372 di.,
1647 2336 1822 2367 conferant
1838 2336 2007 2375 quoddam
2021 2337 2221 2375 perpetuum

613 2390 737 2428 benef..
761 2390 1062 2422 hebdomadariam
1089 2390 1276 2430 vulgariter
1295 2390 1540 2429 nuncupatum,
1564 2389 1718 2420 ordinem
1745 2388 1873 2420 habens
1900 2389 2142 2420 sacerdotalem
2164 2397 2220 2419 an-

616 2453 755 2480 nexum,
773 2444 808 2474 in
833 2443 978 2475 ecclesia
1005 2443 1229 2479 Ruthenensi,
1249 2445 1325 2483 post
1348 2442 1479 2474 obitum
1504 2442 1667 2474 Bernardi
1692 2442 1781 2482 Ayni
1806 2451 1866 2482 per
1884 2442 1949 2472 PP.
1975 2442 2132 2482 disposit.
2152 2450 2221 2473 suae

615 2498 844 2535 reservatum3
861 2498 1014 2528 cassatur
1032 2497 1141 2537 gratia
1156 2505 1252 2536 exsp.
1269 2496 1380 2527 benef.
1398 2505 1425 2527 0.
1450 2505 1476 2527 0.
1496 2496 1549 2527 vel
1564 2504 1591 2526 s.
1611 2504 1653 2534 c.‚
1673 2496 1713 2526 ad
1732 2495 1844 2526 collat.
1866 2495 2030 2534 archiep.i
2044 2495 2219 2526 Nicosien-

615 2551 676 2583 sis.
692 2551 744 2589 (A.
766 2551 816 2587 30,
832 2551 855 2581 f.
872 2552 933 2582 238
953 2550 982 2587 ¹³3
1006 2550 1041 2581 V.
1057 2552 1109 2588 86,
1127 2559 1179 2590 ep.
1202 2551 1306 2589 1493.)

660 2600 797 2632 40390.
815 2621 851 2626 -
869 2602 1013 2634 Arnaldo
1029 2603 1067 2634 de
1078 2603 1184 2634 Bauro
1199 2603 1419 2634 confirmatur
1437 2602 1545 2642 gratia
1562 2610 1658 2641 exsp.
1674 2602 1740 2641 ipsi
1752 2602 1891 2638 dudum,
1909 2610 2026 2632 canon.
2046 2601 2108 2631 sub
2125 2609 2220 2640 exsp.

616 2657 719 2697 praeb.
742 2657 822 2688 eccl.
843 2656 976 2688 Albien.
998 2657 1176 2693 obtinenti,
1195 2656 1282 2687 facta
1297 2656 1337 2686 de
1354 2656 1518 2695 prioratu,
1537 2655 1592 2686 vel
1611 2655 1664 2686 off.
1681 2663 1742 2686 seu
1757 2654 1868 2686 benef.
1886 2654 1920 2684 in
1943 2654 2038 2690 eccl„
2058 2654 2149 2684 civit.
2169 2653 2222 2684 vel

617 2710 663 2741 di.
681 2710 829 2747 Albien.,
846 2710 887 2740 ad
901 2710 1014 2741 collat.
1031 2710 1100 2749 ep.i
1113 2711 1145 2740 et
1165 2710 1265 2749 capit.
1287 2708 1421 2740 Albien.
1442 2708 1583 2748 pertin.;
1599 2717 1667 2738 non
1685 2707 1772 2739 obst.
1791 2708 1914 2738 statuto
1931 2707 2039 2746 ejusd.
2057 2706 2136 2737 eccl.
2154 2714 2220 2745 quo

617 2763 733 2794 nullus
749 2763 783 2793 in
802 2772 842 2794 ea
860 2763 1062 2802 prioratum,
1080 2771 1141 2794 seu
1158 2763 1212 2794 off.
1230 2764 1288 2793 aut
1300 2762 1411 2793 benef.
1428 2761 1540 2792 valeat
1554 2761 1717 2796 obtinere,
1734 2760 1801 2791 nisi
1816 2759 2030 2799 praebendam
2044 2761 2118 2790 actu
2135 2759 2219 2790 reci-

618 2817 700 2856 piat.
720 2816 771 2854 (A.
788 2817 839 2853 31,
860 2816 882 2846 f.
896 2817 956 2848 405
973 2821 1001 2851 ²3
1025 2816 1060 2847 V.
1081 2817 1132 2853 88,
1148 2825 1200 2855 ep.
1215 2815 1324 2854 3460.)

664 2867 800 2898 40391.
818 2887 859 2892 -
873 2868 992 2899 Pone-io
1011 2869 1049 2899 de
1065 2869 1182 2904 Bauro,
1197 2878 1266 2899 can.
1281 2872 1412 2899 monast.
1431 2877 1456 2897 s.
1472 2867 1638 2898 Saturnini
1656 2866 1814 2901 Tolosam..
1835 2865 1867 2897 Ο.
1881 2865 1916 2896 S.
1934 2865 1986 2903 A.,
2004 2865 2110 2904 gratia
2124 2873 2219 2904 exsp.

618 2923 802 2962 prioratus,
820 2931 881 2953 seu
909 2923 964 2953 off.
987 2924 1046 2953 aut
1061 2921 1188 2959 henef.,
1204 2931 1232 2953 c.
1252 2931 1279 2952 0.
1295 2921 1350 2952 vel
1366 2930 1394 2952 s.
1414 2929 1455 2958 c.‚
1472 2928 1533 2960 per
1556 2928 1628 2950 can.
1651 2919 1732 2949 dicti
1751 2920 1894 2949 monast.
1911 2918 1988 2958 gub.
2007 2918 2170 2953 consueti,
2190 2919 2224 2950 et

593 3010 594 3014 Ἰ
619 2976 659 3007 ad
679 2975 790 3015 ipsius
814 2977 959 3006 monast.
985 2975 1119 3006 abbatis
1133 2976 1165 3006 et
1188 2983 1283 3006 conv,
1310 2973 1525 3005 collationem
1550 2972 1783 3012 pertin.;cu1n
1808 2971 2013 3010 obligatione
2032 2971 2224 3002 dimittendi

622 3029 677 3060 off.
694 3029 852 3059 cantoriae
869 3029 1006 3059 solitum
1023 3036 1083 3067 per
1099 3036 1171 3059 can.
1190 3027 1272 3058 dicti
1288 3027 1433 3058 monast.
1452 3025 1543 3065 gub.‚
1561 3025 1651 3064 quod
1668 3025 1768 3055 tenue
1786 3023 1914 3055 existit.
1935 3041 1973 3046 —-
1989 3024 2014 3054 Ι.
2037 3032 2066 3054 e.
2082 3033 2127 3054 m.
2148 3032 2224 3063 ep.o

332 3083 477 3110 JOANNIS
495 3082 578 3110 XXII.
602 3100 634 3104 -
654 3082 685 3108 T.
705 3081 765 3108 vu.
2048 3077 2083 3104 ⁴22
