2560 3476
326 311 385 341 22⁴

359 412 463 439 Datum
478 405 662 439 Avenione.

398 518 435 546 14
450 526 513 553 apr.
534 517 622 545 1328.

372 566 461 598 (xvur
478 562 538 589 kal.
557 561 650 597 maii.)

443 606 474 633 T.
492 606 575 632 XXX.

469 677 506 704 Ut
526 685 549 704 s.

437 722 468 748 T.
489 721 583 749 XXVI.

472 783 508 811 Ut
524 792 547 810 s.

436 827 466 854 T.
485 827 579 855 XXVI.

472 889 507 916 Ut
524 897 547 916 s.

418 934 448 960 T.
467 934 513 967 xl,
528 934 599 961 XIII.

470 1049 504 1076 Ut
524 1057 548 1078 S.

418 1093 448 1121 T.
466 1094 512 1128 XI,
527 1094 599 1121 XIII.

469 1367 504 1394 Ut
522 1375 546 1395 s.

447 1412 477 1438 Τ.
495 1411 565 1439 XVI.

470 1527 506 1554 Ut
526 1535 549 1554 s.

432 1571 462 1598 T.
484 1571 579 1598 XXIV.

469 1686 505 1713 Ut
520 1694 544 1713 s.

441 1730 471 1756 T.
486 1730 567 1757 XXX.

468 1791 502 1818 Ut
519 1799 542 1817 s.

426 1836 455 1862 T.
474 1836 505 1868 X,
524 1836 582 1862 XII.

464 2057 499 2084 Ut
520 2065 543 2084 s.

364 2101 395 2128 T.
412 2101 447 2127 XI
463 2101 505 2133 ¹l2,
524 2102 585 2128 XIII
604 2103 646 2134 ¹l2·

391 2216 427 2244 15
446 2225 508 2252 apr.
529 2217 617 2245 1328.

371 2265 446 2295 (xv11
465 2261 525 2289 kal.
546 2262 640 2294 maii.)

348 2305 394 2333 Gr.
411 2314 463 2341 pro
481 2315 557 2341 pers.
576 2308 657 2335 card.

390 2377 428 2403 16
445 2385 507 2412 apr.
527 2377 616 2406 1328.

376 2420 439 2456 (xvi
459 2422 517 2449 kal.
538 2422 631 2457 maii.)

398 2466 428 2492 T.
449 2467 506 2500 xv,
522 2467 606 2501 xvn.

461 2856 495 2883 Ut
516 2865 539 2883 s.

412 2899 442 2926 T.
459 2900 505 2932 XI,
526 2901 596 2928 XIII.

720 306 894 338 JOANNIS
918 306 1036 337 PAPAE
1058 305 1161 336 XXII.
1186 306 1436 343 (1316-1334).
1460 323 1499 328 -—
1521 305 1709 336 LITTERAE
1731 305 1958 337 COMMUNES

798 510 935 542 40889.
968 530 1007 535 --
1036 511 1224 549 Baimundo,
1256 516 1330 542 nato
1354 511 1498 553 praedicti
1524 511 1670 550 Simonis,
1703 512 1821 544 scolari
1848 513 2010 551 Parmam,
2034 513 2186 555 dispens.
2217 516 2358 548 similis.

752 567 806 607 (A.
824 568 874 604 30,
895 566 917 598 f.
936 566 995 597 388
1011 565 1041 602 ¹²3
1067 565 1099 597 V.
1117 567 1168 603 86,
1187 574 1239 605 ep.
1260 566 1366 605 1874.)

797 669 933 701 40890.
962 690 1000 694 -
1029 671 1268 709 Bartholomaeo,
1297 675 1371 702 nato
1397 671 1529 712 praefati
1553 671 1701 711 Simonis,
1727 671 1841 703 scolari
1867 672 2028 710 Parmen..
2056 674 2207 715 dispens.
2233 675 2361 707 similis

751 734 842 756 conc.
860 725 913 763 (A.
930 726 981 763 30,
999 725 1022 756 f.
1041 726 1102 757 388
1117 725 1146 763 b;
1172 724 1204 755 V.
1223 726 1275 762 86,
1291 733 1343 764 ep.
1369 726 1474 764 1875.)

796 776 933 808 40891.
957 797 994 801 -
1017 778 1208 817 Ber-nahmi,
1234 777 1333 820 ejusd.
1359 778 1495 810 Simonis
1516 778 1596 818 filio,
1612 778 1726 810 scolari
1749 780 1909 816 Parmen„
1933 789 2027 813 conc.
2052 781 2180 813 similis
2206 781 2360 821 dispens.

750 832 803 872 (A.
820 833 872 868 30,
892 832 916 863 f.
932 833 992 863 388
1007 831 1037 869 ¹³3
1057 832 1092 863 V.
1110 834 1162 870 86,
1179 841 1230 872 ep.
1247 833 1354 871 1876.)

797 882 933 915 40892.
954 904 990 908 -—
1005 885 1100 916 Petro
1122 885 1159 916 de
1181 886 1300 916 Manzis
1321 895 1417 925 prov.
1441 894 1559 917 canon.
1581 886 1645 917 sub
1665 894 1761 926 exsp.
1779 887 1884 926 praeb.
1908 887 1989 919 eccl.
2013 896 2041 919 s.
2063 888 2157 920 Petri
2180 889 2300 928 Regin.
2317 905 2358 912 -—

751 939 777 970 Ι.
796 947 824 970 6.
845 947 889 970 m.
907 948 983 979 ep.0
1000 939 1133 979 Regin„
1155 941 1188 971 et
1208 939 1388 979 praeposito
1409 948 1436 970 s.
1458 939 1620 979 Prosperi
1641 940 1682 971 de
1704 940 1852 972 castello
1869 941 2005 981 Regin.,
2027 949 2064 972 ac
2085 941 2230 981 archipr.
2249 941 2360 982 plebis

751 992 792 1023 de
809 992 1019 1029 Fusdumdo,
1037 993 1157 1032 Regin.
1176 993 1236 1032 di.,
1255 993 1336 1024 eccl.
1355 992 1409 1032 (A.
1426 993 1477 1032 30,
1496 993 1518 1024 f.
1534 994 1594 1023 414
1610 992 1641 1031 ¹²3
1666 993 1698 1023 V.
1711 994 1763 1031 86,
1783 1002 1834 1034 ep.
1854 995 1961 1033 1935.)

797 1043 934 1076 40893.
950 1063 989 1068 -
1005 1045 1234 1077 Bartholomaeo
1259 1045 1422 1077 Caraczuli
1440 1046 1576 1078 collatio
1599 1055 1717 1078 canon.
1745 1047 1825 1078 eccl.
1844 1047 2078 1087 Neapolitanae
2099 1048 2136 1079 in
2157 1056 2224 1088 qua
2243 1049 2357 1080 cortus

751 1108 826 1130 can.
846 1108 1007 1131 numerus
1022 1102 1054 1131 et
1070 1099 1175 1139 praeb.
1192 1100 1367 1131 distinctio
1383 1108 1451 1130 non
1467 1099 1634 1131 habentur
1646 1109 1656 1136 ;
1674 1109 1741 1132 non
1756 1100 1845 1132 obst.
1862 1101 1953 1141 quod
1968 1102 2136 1141 Capuanae
2150 1103 2183 1133 et
2198 1102 2360 1134 Barensis

751 1153 832 1184 eccl.
851 1153 1080 1189 canonicatus,
1104 1162 1233 1184 necnon
1253 1162 1280 1185 s.
1308 1153 1431 1193 Angeli
1453 1155 1486 1184 et
1504 1162 1532 1184 s.
1555 1153 1718 1194 Dionysii
1732 1154 2130 1196 NeapolItan.4ecclesias
2146 1156 2180 1186 et
2197 1155 2362 1187 nonnulla

752 1206 819 1237 alia
839 1206 952 1237 benef.
972 1215 998 1238 s.
1016 1216 1043 1238 c.
1063 1208 1115 1245 (40
1131 1215 1206 1238 unc.
1226 1207 1314 1246 auri)
1331 1207 1493 1238 obtineat.
1509 1207 1576 1238 -Ι,
1598 1216 1627 1238 e.
1649 1216 1695 1239 m.
1720 1207 1834 1238 abbati
1847 1209 1991 1239 monast.
2005 1217 2033 1240 s.
2046 1208 2202 1240 Severini
2216 1208 2359 1249 majoris

752 1260 980 1299 Neapolitan.,
997 1262 1028 1291 et
1040 1261 1167 1293 Ursoni
1181 1260 1348 1292 Minutulo
1361 1269 1399 1291 ac
1415 1261 1562 1292 Henrico
1582 1261 1736 1296 Galiotae,
1754 1270 1828 1292 can.
1846 1262 2062 1301 Neapolitan.
2076 1262 2128 1301 (A.
2144 1263 2198 1300 30,
2213 1262 2238 1294 f.
2253 1263 2315 1294 486
2330 1267 2358 1300 ⁸3

760 1313 792 1344 V.
807 1314 858 1350 87,
875 1322 927 1353 ep.
943 1315 1050 1353 2190.)

797 1363 933 1396 40894.
951 1385 988 1390 -
1004 1366 1139 1398 Hem-ico
1159 1367 1301 1404 Galiotae,
1316 1377 1385 1398 can.
1403 1367 1622 1409 Neapolitan.,
1638 1368 1784 1399 facultas
1805 1368 1952 1400 habendi
1969 1369 2076 1400 altare
2093 1369 2266 1409 portatile,
2282 1377 2360 1401 nam

752 1422 888 1459 propter
904 1421 1139 1452 infirmitatem
1157 1421 1387 1460 podagricam,
1404 1430 1470 1462 qua
1486 1424 1640 1458 vexatur,
1662 1430 1730 1453 non
1748 1423 1860 1462 potest
1874 1422 1949 1453 sine
1962 1431 2085 1462 magna
2101 1422 2302 1454 difficultate
2318 1422 2363 1455 ad

719 1492 721 1500 ι
751 1474 930 1505 ecclesiam
948 1475 1105 1505 accedere
1124 1483 1184 1514 pro
1199 1475 1324 1505 diVinis
1339 1475 1463 1506 officiis
1478 1474 1564 1506 inibi
1581 1475 1771 1506 audiendis.
1786 1476 1838 1515 (A.
1856 1477 1908 1514 31,
1922 1475 1943 1506 f.
1958 1477 2018 1507 366
2030 1481 2058 1512 ²,
2077 1476 2111 1507 V.
2123 1477 2175 1514 88,
2187 1484 2240 1516 ep.
2252 1476 2361 1517 3360.)

796 1523 933 1555 40895.
951 1544 987 1549 —-—
1015 1527 1195 1565 Cavaleriae,
1215 1527 1329 1558 reliclae
1352 1527 1468 1569 quond.
1495 1527 1653 1566 Rev-tuteli,
1677 1529 1775 1559 viduae
1797 1528 1992 1559 Camerinen.
2020 1528 2078 1565 di.,
2106 1529 2303 1569 indulgetur
2323 1530 2362 1561 ut

751 1580 926 1611 confessor
941 1581 1021 1620 ipsi,
1034 1581 1140 1612 semel
1156 1583 1289 1612 tantum
1306 1581 1340 1612 in
1358 1582 1480 1612 mortis
1496 1582 1651 1619 articulo,
1664 1582 1817 1613 omnium
1834 1575 2050 1622 peccatorum
2066 1591 2208 1614 suorum
2224 1583 2360 1623 plenam

750 1634 989 1664 remissionem
1006 1635 1187 1665 concedere
1205 1635 1326 1666 valeat.
1353 1635 1405 1673 (A.
1423 1637 1474 1671 31,
1492 1636 1515 1666 f.
1533 1637 1591 1666 371
1612 1641 1642 1673 *ς
1669 1635 1702 1667 V.
1722 1637 1774 1672 88,
1795 1644 1848 1675 ep.
1865 1636 1972 1676 3376.)

796 1684 931 1716 40896.
951 1704 988 1709 -
1007 1687 1144 1728 Bulqaro
1166 1688 1203 1718 de
1224 1687 1393 1725 Tolentino,
1411 1688 1492 1719 laico
1515 1689 1710 1720 Camerinen.
1732 1688 1790 1725 di.,
1810 1689 1909 1729 leyum
1931 1690 2063 1727 doctori,
2079 1690 2181 1730 famil.
2204 1689 2314 1731 Papae,
2331 1694 2362 1721 et

749 1740 929 1770 Francescae
944 1740 1088 1776 Malerhe,
1109 1742 1202 1771 uxori
1215 1751 1291 1778 suae,
1309 1751 1400 1772 conc.
1420 1742 1591 1772 indultum
1609 1742 1734 1773 simile.
1753 1742 1807 1782 (A.
1822 1744 1873 1780 31,
1890 1742 1913 1773 f.
1932 1745 1990 1774 371
2009 1748 2037 1780 '³3
2063 1743 2098 1774 V.
2117 1744 2170 1781 88,
2183 1752 2235 1784 ep.
2252 1745 2361 1783 3377.)

794 1790 930 1822 40897.
950 1811 989 1816 -
1003 1794 1115 1824 Anello
1134 1799 1208 1824 nato
1227 1794 1384 1825 Francisci
1402 1794 1439 1826 de
1461 1795 1626 1836 Raynerio,
1653 1795 1726 1826 cler.
1749 1795 1821 1826 eccl.
1844 1806 1869 1826 s.
1887 1796 2018 1827 Joanm's
2032 1796 2074 1827 ad
2093 1795 2180 1828 Mare
2201 1796 2358 1834 Gaietan„

716 1834 718 1852 's
748 1847 884 1878 collatio
899 1856 1018 1878 canon.
1038 1848 1119 1878 eccl.
1137 1848 1291 1879 Gaietan.
1315 1849 1349 1879 in
1365 1857 1443 1888 qua,
1466 1849 1546 1880 licet
1568 1849 1613 1880 sit
1631 1851 1744 1880 certus
1763 1858 1835 1880 can.
1856 1858 2021 1881 numerus
2035 1850 2228 1890 ,iuramento
2247 1850 2360 1882 firma·

748 1902 815 1937 tus,
838 1900 941 1939 praeb.
958 1902 1071 1932 tamen
1087 1901 1261 1932 distinctio
1276 1910 1343 1933 non
1361 1902 1513 1933 habetur.
1530 1919 1568 1924 —
1582 1903 1609 1934 I.
1626 1911 1656 1933 e.
1674 1912 1721 1934 m.
1742 1903 1831 1934 Urso
1847 1903 1953 1935 electo
1967 1903 2148 1942 Idrontin.‚
2164 1906 2197 1935 et
2209 1903 2359 1936 Roberto

747 1954 928 1991 Minutulo‚
950 1955 1180 1994 Neapolitani„
1204 1964 1240 1986 ac
1264 1964 1352 1995 mag.
1372 1955 1513 1987 Nicolao
1536 1956 1576 1987 de
1601 1957 1745 1995 Fractis,
1767 1956 1944 1988 Patracen.
1970 1957 2050 1988 eccl.
2077 1957 2263 1994 canonicis,
2291 1958 2360 1991 litt.

747 2005 854 2042 apost.
876 2003 1068 2034 correctori.
1088 2004 1140 2041 (A.
1155 2005 1205 2038 31,
1225 2003 1247 2034 f.
1263 2005 1324 2034 424
1340 2010 1371 2042 a;
1393 2004 1426 2035 V.
1446 2005 1497 2042 88,
1515 2013 1567 2044 ep.
1581 2005 1690 2045 3506.)

792 2053 931 2086 40898.
949 2074 988 2079 -
1004 2056 1116 2087 Anello
1131 2062 1204 2087 nato
1218 2058 1395 2088 Franscisci
1411 2057 1448 2088 de
1461 2058 1633 2098 Raynerio,
1650 2058 1723 2089 cler.
1741 2059 1812 2090 eccl.
1835 2069 1860 2089 s.
1876 2060 2009 2092 ,loannis
2030 2059 2073 2090 ad
2090 2060 2177 2091 Mare
2195 2059 2356 2099 Gaietan„

747 2110 854 2148 gratia
872 2119 967 2149 exsp.
984 2110 1095 2141 benef.
1115 2120 1141 2141 s.
1163 2119 1190 2142 c.
1210 2112 1262 2149 (50
1278 2111 1352 2142 flor.
1369 2111 1469 2150 auri),
1489 2112 1530 2142 ad
1546 2112 1659 2143 collat.
1677 2113 1745 2152 ep.i
1762 2112 1917 2145 Gaietan.
1933 2131 1970 2136 --
1985 2114 2010 2144 Ι.
2030 2122 2058 2145 e.
2076 2122 2121 2145 m.
2141 2115 2178 2145 ut
2193 2123 2221 2146 s.
2238 2113 2292 2155 (A.
2305 2114 2358 2152 31,

747 2163 770 2193 f.
790 2165 849 2193 447
867 2163 896 2199 1);
921 2164 958 2195 V.
976 2165 1027 2200 88,
1045 2173 1096 2204 ep.
1114 2164 1220 2205 3581.)

792 2213 928 2245 40899.
948 2235 986 2239 -
1012 2217 1190 2255 Gaucelino,
1208 2228 1278 2259 epo
1302 2217 1487 2256 Albanensi,
1508 2218 1652 2250 facultas
1668 2219 1817 2251 testandi
1833 2220 1874 2251 de
1899 2221 2110 2253 ornamentis
2129 2229 2191 2260 pro
2214 2220 2356 2260 capellis

746 2270 819 2300 suis
837 2270 1020 2309 deputatis,
1043 2271 1136 2302 vasis
1158 2272 1340 2311 argenteis,
1360 2272 1460 2303 libris
1481 2275 1512 2303 et
1530 2272 1689 2304 omnibus
1710 2273 1789 2303 aliis
1812 2273 1912 2304 bonis
1934 2274 2008 2305 suis
2025 2273 2212 2304 mobilibus
2232 2275 2264 2305 et
2291 2274 2359 2306 im-

747 2323 944 2355 mobilibus.
963 2323 1015 2361 (A.
1032 2325 1083 2361 30,
1101 2325 1124 2355 f.
1142 2326 1201 2356 155
1217 2330 1247 2362 ³;
1272 2325 1304 2356 V.
1323 2327 1375 2360 86,
1392 2334 1444 2365 ep.
1464 2327 1569 2364 1450.)

792 2374 930 2407 40900.
950 2396 988 2400 -—
1004 2377 1136 2408 Nicolao
1151 2378 1262 2409 Jacobi
1276 2378 1313 2409 de
1330 2379 1496 2419 Camajore
1511 2379 1683 2411 indultum
1699 2381 1747 2416 ut,
1762 2389 1870 2420 nsque
1890 2381 1933 2411 ad
1947 2380 2144 2418 triennium,
2165 2389 2268 2412 causa
2285 2382 2356 2412 stu-

746 2430 805 2466 dii,
823 2431 953 2462 fructus
966 2432 1081 2471 praeb.,
1099 2441 1201 2472 quam
1218 2433 1251 2463 in
1271 2433 1351 2464 eccl.
1372 2442 1418 2464 ss.
1437 2433 1581 2464 Joannis
1595 2435 1627 2464 et
1643 2434 1821 2473 Reparatae
1836 2434 1963 2465 Lucan.
1980 2434 2120 2470 obtinet,
2138 2434 2269 2474 integre
2283 2443 2355 2474 per-

746 2484 850 2523 cipiat
867 2487 900 2515 et
921 2485 1072 2523 interim,
1090 2486 1272 2518 dummodo
1287 2487 1378 2518 infra
1394 2495 1521 2518 annum
1544 2487 1585 2518 ad
1603 2487 1870 2518 subdiaconatus
1893 2488 1966 2518 ord.
1983 2489 2161 2527 promotus
2177 2488 2293 2525 fuerit,
2311 2488 2356 2520 ad

746 2537 1001 2576 suscipiendum
1021 2539 1215 2578 superiores
1230 2540 1368 2571 ordines
1382 2541 1436 2571 vel
1454 2541 1496 2571 ad
1514 2540 1730 2572 residendum
1748 2541 1784 2571 in
1799 2542 1917 2572 eadem
1934 2541 2014 2572 eccl.
2029 2541 2170 2572 minime
2185 2542 2352 2580 teneatur,

746 2599 812 2621 non
826 2591 912 2622 obst.
932 2592 1042 2631 ipsius
1059 2593 1139 2623 eccl.
1156 2594 1280 2624 statuto
1297 2602 1363 2633 quo
1381 2595 1517 2625 cavetur
1535 2594 1625 2634 quod
1643 2594 1796 2625 canonici
1811 2595 1991 2625 teneantur
2009 2603 2045 2626 se
2061 2594 2170 2626 facere
2185 2595 2221 2626 in
2238 2595 2352 2635 presb.

745 2644 906 2681 ordinari,
926 2648 1107 2685 antequam
1128 2646 1259 2677 fructus
1275 2656 1416 2678 suarum
1435 2647 1602 2687 recipiant
1623 2647 1893 2687 praebendarum,
1912 2648 1994 2678 etin
2014 2648 2131 2679 eadem
2150 2648 2230 2679 eccl.
2247 2648 2355 2680 conti-

744 2706 846 2728 nuam
865 2698 976 2729 facere
995 2699 1215 2730 residentiam
1232 2700 1459 2739 personalem.
1480 2718 1517 2723 —
1536 2701 1563 2731 I.
1586 2710 1614 2732 e.
1634 2709 1679 2731 m.
1698 2701 1805 2740 pr10ri
1824 2710 1851 2732 s.
1871 2701 2025 2732 Fridiani
2042 2702 2181 2737 Lucan,
2206 2703 2239 2734 et
2257 2701 2356 2734 Guil-

744 2750 846 2782 lelmo
865 2751 1019 2789 Gerardi,
1039 2753 1186 2792 Aquen„
1206 2762 1243 2783 ac
1266 2753 1408 2784 Nicolao
1425 2754 1591 2794 Gaytano,
1610 2754 1862 2785 Ferentinaten.
1882 2763 1954 2785 can.
1969 2754 2049 2786 eccl.
2068 2755 2121 2794 (A.
2139 2756 2191 2793 30,
2208 2755 2231 2786 f.
2247 2756 2309 2787 260
2322 2760 2352 2793 ²;

750 2803 786 2834 V.
803 2805 854 2840 86,
874 2813 925 2843 ep.
947 2806 1054 2844 1615.)
1917 2844 1921 2847 ,

789 2853 911 2886 40901
922 2880 929 2887 .
947 2876 986 2880 -
999 2859 1116 2889 Joanm·
1131 2858 1309 2889 Marescalli
1330 2859 1466 2890 collatio
1480 2860 1617 2900 capellae
1631 2860 1894 2898 Desbonchoux,
1911 2861 2110 2900 Lugdunen.
2127 2861 2186 2899 di.,
2205 2870 2275 2893 vac.
2294 2870 2355 2901 per

744 2909 873 2941 obitum
886 2910 981 2941 Petri
995 2912 1200 2949 Marescalli,
1215 2921 1269 2952 ap.
1287 2913 1320 2944 S.
1336 2913 1377 2943 A.
1393 2913 1555 2944 defuncti.
1572 2932 1610 2936 —
1626 2913 1653 2944 I.
1670 2922 1698 2944 e.
1717 2922 1762 2944 m.
1782 2914 1968 2946 Guillelmo
1982 2914 2022 2946 de
2040 2914 2190 2954 Campis,
2207 2915 2353 2954 Aquen.,

743 2964 775 2994 et
793 2964 977 2995 Gnillelmo
993 2965 1033 2996 de
1049 2965 1182 3000 Tiletis,
1201 2966 1414 3006 Lugdunen„
1431 2975 1468 2997 ac
1483 2967 1583 2998 Petro
1600 2966 1640 2998 de
1654 2967 1829 3007 Peyreria,
1848 2966 2031 2999 Abrincen.
2045 2976 2117 2999 can.
2135 2967 2216 2999 eccl.
2231 2967 2284 3008 (A.
2300 2969 2350 2999 30.

743 3016 766 3046 f.
785 3017 846 3047 274
862 3016 896 3053 ¹²3
924 3017 954 3048 V.
973 3018 1024 3055 86,
1043 3027 1094 3058 ep.
1116 3019 1222 3059 1645.)
