2560 3476
229 416 334 444 Datum
358 407 544 443 Avenione.

271 623 311 652 27
327 631 390 658 apr.
411 621 498 651 4328.

276 671 306 703 (v
326 667 385 695 kal.
406 666 499 700 maii.)

271 712 302 740 T.
318 712 390 746 XVI,
403 711 500 739 XVIII.

348 837 383 864 Ut
401 845 425 865 s.

313 882 344 909 T.
364 881 460 909 XXIV.

343 1156 379 1184 Ut
401 1165 426 1184 s.

315 1202 345 1229 T.
363 1201 457 1229 XXIV.

350 1476 387 1504 Ut
401 1485 425 1503 s.

286 1521 317 1549 T.
338 1521 411 1555 XIII,
429 1521 486 1548 XV.

346 1798 383 1826 Ut
404 1806 430 1827 s.

294 1843 328 1873 T.
347 1843 395 1878 XI,
414 1843 488 1872 XIII.

272 2279 312 2309 28
331 2288 395 2316 apr.
413 2280 503 2309 1328.

273 2326 317 2362 (xv
332 2325 393 2353 kal.
410 2325 505 2363 maii.)

315 2370 347 2399 T.
364 2371 460 2400 XXVI.

275 2655 317 2684 29
331 2664 395 2692 apr.
415 2657 508 2687 1328.

275 2705 323 2738 (111
338 2701 398 2730 kal.
415 2701 510 2735 maii.)

337 2746 368 2775 T.
389 2746 447 2775 XX.

261 2968 293 2998 T.
309 2924 434 3003 xxgiffi
447 2970 528 2999 XXX.

605 318 780 350 JOANNIS
802 317 923 349 PAPAE
943 317 1047 348 XXII.
1071 317 1319 355 (1316-1334).
1341 334 1381 340 -
1403 316 1590 347 LITTERAE
1613 315 1839 348 COMMUNES
2175 319 2236 349 237

630 521 727 552 perp.
740 512 851 543 benef.
863 511 1025 551 simplici,
1037 513 1070 543 et
1081 511 1115 542 in
1129 511 1348 551 pergamensi
1362 511 1442 542 eccl.
1458 511 1657 543 canonicatu
1669 512 1732 543 sub
1744 521 1840 552 exsp.
1857 512 1960 552 praeb.
1974 514 2028 553 (A.
2037 515 2088 552 31,
2101 515 2124 546 f.
2135 516 2196 547 330
2207 516 2238 553 ¹‘;

636 566 673 597 V.
693 567 744 600 88,
764 574 816 605 ep.
836 566 944 605 3284.)

676 616 815 650 41016.
836 636 873 641 -
889 619 991 656 Lucae,
1009 623 1082 649 nato
1098 618 1256 649 Albertini
1277 617 1314 649 de
1327 618 1447 656 Moleis,
1468 617 1541 649 cler.
1560 619 1719 654 Par-men„
1739 620 1847 658 gratia
1860 629 1955 660 exsp.
1971 621 2074 652 unius
2093 622 2147 653 vel
2160 622 2240 654 duo-

634 682 708 704 rum
725 673 837 704 benef.
854 673 927 714 (100
943 673 1016 704 flor.
1036 673 1135 711 auri),
1155 673 1190 703 in
1206 671 1298 703 civit.
1320 671 1376 703 vel
1390 671 1436 702 di.
1449 673 1621 710 Parmen.,
1639 673 1677 703 ad
1697 673 1808 704 collat.
1828 673 1897 713 ep.i
1914 675 1947 705 et
1958 674 2060 714 capit.
2079 675 2238 707 Parmen.

634 744 671 749 -
689 727 714 757 I.
735 735 764 758 e.
785 736 830 758 m.
848 735 874 757 s.
892 726 1035 757 Joannis
1053 726 1226 763 Parmen.,
1244 727 1277 756 et
1294 734 1321 756 s,
1348 725 1488 757 Genesii
1517 726 1558 756 de
1580 726 1732 757 Berxillo
1756 728 1901 758 monast.
1929 727 2120 764 abbatibus,
2139 738 2176 760 ac
2191 738 2239 760 ar-

633 780 739 820 chipr.
757 780 837 811 eccl.
855 780 895 810 de
914 779 1124 819 Campigine,
1143 779 1301 810 Parmen.
1321 778 1366 808 di.
1386 778 1440 818 (A.
1462 780 1513 816 31,
1531 779 1553 809 f.
1572 780 1630 809 411
1649 779 1723 815 a;V.
1742 781 1791 816 88,
1810 788 1863 820 ep.
1883 781 1992 821 3476.)

678 831 816 862 41017.
834 850 872 856 -
888 832 1030 863 Rolando
1047 832 1084 863 de
1113 832 1215 862 Vassis
1231 831 1451 863 confirmatur
1469 832 1606 863 collatio
1623 833 1690 872 ipsi
1720 833 1808 864 facta
1836 842 1855 864 a
1877 834 2064 866 Bertrando
2083 844 2158 876 ep.o
2176 836 2240 868 Os-

631 887 728 925 tien.,
745 888 826 918 tunc
845 895 873 918 s.
891 886 1045 917 Marcelli
1064 885 1177 925 presb.
1204 885 1307 922 card„
1332 886 1373 915 A.
1393 884 1425 916 S.
1445 885 1567 924 legato,
1589 885 1628 916 de
1656 886 1808 925 prioratu
1837 895 1863 917 s.
1888 887 2007 918 Jacobi
2024 888 2064 919 de
2083 889 2240 927 Casadei,

632 941 670 973 Ο.
688 941 721 972 S.
738 942 790 978 Β.,
809 940 966 971 Parmen.
983 939 1041 976 di.,
1060 939 1102 970 ad
1118 938 1231 969 collat.
1257 938 1390 969 abbatis
1407 938 1606 969 monasterii
1622 947 1650 969 s.
1666 939 1809 970 Joannis
1824 940 1996 979 Parmen.‚
2015 941 2122 981 ejusd.
2152 944 2240 982 ord.,

632 994 769 1034 pertin„
786 994 819 1024 et
833 1002 893 1032 per
908 1001 998 1023 mon.
1017 992 1127 1031 ipsius
1147 991 1361 1029 monasterii,
1385 991 1482 1031 qu'us
1505 1000 1595 1022 mon.
1615 992 1794 1028 existebat,
1813 993 1900 1025 sicut
1916 994 2024 1025 adhuc
2040 995 2169 1033 existit,
2190 1005 2240 1028 so-

632 1048 693 1079 llto
709 1047 801 1087 guh.,
818 1046 866 1078 ita
883 1047 920 1077 ut
934 1046 975 1077 ab
990 1045 1110 1076 eodem
1131 1045 1285 1084 prioratu
1311 1053 1372 1084 pro
1389 1044 1488 1076 libito
1506 1045 1691 1076 voluntatis
1709 1045 1862 1085 ejusdem
1883 1046 2027 1085 abbatis,
2052 1050 2241 1088 superioris

633 1101 699 1138 sui,
718 1100 844 1139 absque
859 1108 963 1130 causa
976 1098 1173 1130 rationabili
1191 1100 1335 1138 nequeat
1351 1098 1511 1130 amoveri.
1530 1098 1583 1139 (A.
1600 1100 1651 1135 31,
1667 1099 1690 1129 f.
1709 1100 1765 1129 411
1786 1099 1815 1137 ¹³3
1842 1100 1877 1131 V.
1901 1101 1953 1138 88,
1972 1109 2025 1141 ep.
2041 1103 2146 1140 3477.)

679 1150 814 1182 41018.
836 1170 874 1174 -
891 1152 1083 1184 Baldeckino
1094 1152 1131 1182 de
1142 1152 1284 1183 Boveriis
1294 1161 1387 1183 conc.
1402 1154 1469 1183 uta
1484 1153 1633 1191 prioratu
1646 1161 1672 1183 s.
1688 1153 1866 1184 Michaelis
1877 1154 2071 1189 Ferrarien.
2087 1156 2126 1187 Ο.
2136 1156 2168 1187 S.
2185 1158 2241 1194 Β.,

634 1207 703 1247 ipsi
721 1216 739 1238 a
756 1207 900 1244 Joanne,
916 1205 1037 1237 abbate
1054 1206 1200 1236 monast.
1212 1214 1238 1237 s.
1252 1206 1391 1237 Genesii
1408 1206 1448 1237 de
1465 1206 1628 1242 Berxillo,
1645 1206 1727 1237 dicti
1744 1207 1828 1246 ord.,
1847 1207 2007 1239 Parmen.
2023 1208 2083 1244 di.,
2105 1210 2240 1245 collato,

632 1261 674 1292 ad
688 1260 800 1292 collat.
815 1260 926 1299 ipsius
943 1259 1077 1291 abbatis
1092 1260 1275 1299 spectante,
1291 1268 1328 1290 ac
1345 1259 1455 1290 eidem
1473 1260 1682 1291 monasterio
1698 1260 1895 1292 immediate
1911 1261 2076 1301 subjecto,
2093 1271 2153 1302 per
2171 1272 2242 1295 mo-

631 1314 757 1346 nachos
773 1314 884 1354 ipsius
900 1315 1059 1348 monast.‚
1074 1313 1170 1353 quus
1181 1314 1260 1344 tunc
1272 1313 1449 1351 existebat,
1466 1313 1553 1345 sicut
1567 1313 1674 1344 adhuc
1688 1314 1806 1346 existit
1819 1315 2018 1352 monachus,
2029 1316 2107 1356 gub.
2126 1317 2240 1353 solito,

631 1377 692 1408 pro
708 1368 807 1399 libito
821 1367 970 1408 ejusdem
989 1366 1123 1398 abbatis
1136 1366 1264 1407 absque
1281 1375 1384 1398 causa
1399 1366 1596 1398 rationabili
1611 1370 1758 1407 nequeat
1774 1368 1936 1400 amoveri.
1954 1369 2006 1408 (A.
2024 1371 2075 1408 31,
2093 1370 2115 1401 f.
2132 1372 2192 1401 413
2209 1376 2241 1408 ι;

638 1422 673 1453 V.
693 1423 744 1459 88,
763 1430 815 1461 ep.
833 1421 937 1460 3482.)

676 1473 817 1505 41019.
835 1494 873 1499 -
889 1474 1001 1506 Bando
1017 1474 1144 1512 Gratiae,
1159 1473 1198 1505 de
1209 1474 1357 1512 Florano,
1373 1474 1481 1514 gratia
1496 1483 1591 1514 exsp.
1609 1473 1720 1506 benef.
1733 1484 1760 1505 c.
1776 1484 1803 1506 c.
1820 1475 1887 1514 (vel
1903 1484 1931 1507 s.
1951 1485 1978 1507 c.
1997 1478 2036 1508 50
2052 1477 2125 1508 flor.
2142 1479 2242 1517 auri),

632 1530 667 1560 in
685 1530 822 1561 civitate
838 1529 891 1561 vel
909 1529 954 1560 di.
973 1529 1153 1566 Mutinen.,
1173 1528 1214 1559 ad
1235 1528 1452 1559 collationem
1472 1528 1540 1567 ep.i
1556 1530 1588 1559 et
1602 1528 1703 1568 capit.
1723 1529 1888 1560 Mutinen.
1904 1539 1913 1566 ;
1932 1538 2000 1561 non
2016 1530 2104 1562 obst.
2121 1540 2239 1563 canon.

632 1584 665 1615 et
680 1583 784 1623 praeb.
802 1583 882 1615 eccl.
904 1592 932 1614 s,
951 1582 1045 1614 Petri
1062 1582 1102 1614 de
1120 1581 1330 1618 Camiliacio,
1348 1582 1445 1613 dictae
1459 1581 1519 1618 di.,
1544 1583 1576 1613 et
1593 1582 1726 1613 defectu
1742 1583 1853 1614 aetatis
1877 1584 1929 1621 (20
1951 1585 2033 1623 an.),
2057 1593 2160 1624 super
2176 1594 2243 1625 quo

632 1638 861 1677 dispensatur.
876 1654 915 1659 —
929 1637 955 1667 I.
975 1645 1004 1668 e.
1020 1645 1064 1667 m.
1081 1636 1196 1667 abbati
1214 1636 1359 1667 monast.
1378 1644 1405 1666 s.
1428 1635 1523 1666 Petri
1554 1636 1771 1671 Mutinensis,
1801 1638 1834 1667 et
1853 1645 1957 1676 praep.
1988 1638 2028 1669 de
2058 1638 2242 1678 Ganaceto,

632 1691 798 1722 Mutinen.
814 1690 875 1726 di.,
893 1699 931 1721 ac
944 1690 1092 1722 Rizardo
1109 1690 1148 1721 de
1165 1688 1409 1727 Grassonihus‚
1427 1698 1498 1720 can.
1516 1689 1709 1721 Ferrarien.
1729 1690 1809 1721 eccl.
1826 1690 1878 1730 (A.
1898 1691 1949 1726 31,
1966 1691 1990 1722 f.
2006 1692 2068 1723 448
2087 1691 2115 1729 ¹³3
2143 1692 2176 1724 V.
2190 1694 2241 1732 88,

633 1754 685 1785 ep.
703 1745 808 1781 3582.)

679 1795 816 1828 41020.
835 1814 873 1821 —
889 1797 1008 1828 Joanm’
1029 1796 1188 1836 Willelmi,
1207 1796 1290 1827 dicto
1309 1796 1346 1827 de
1363 1795 1494 1833 Balmis,
1511 1796 1710 1836 jurisperito,
1728 1797 1787 1836 qui
1815 1797 1874 1829 diu
1899 1797 2000 1838 Papae
2023 1800 2055 1830 et
2077 1800 2116 1830 E.
2137 1800 2180 1831 R.
2207 1800 2244 1831 in

634 1851 789 1891 partibus
805 1850 1016 1883 Lombardiae
1032 1850 1172 1882 servitia
1189 1850 1368 1889 impendit,
1393 1851 1425 1881 et
1445 1849 1642 1890 hujusmodi
1660 1849 1812 1881 servitiis
1831 1850 2058 1890 impendendo
2076 1854 2194 1892 captus
2211 1854 2244 1885 et

634 1905 735 1945 longo
751 1907 902 1945 tempore
919 1905 1076 1936 detentus
1093 1903 1222 1935 ibidem
1238 1903 1314 1939 suit,
1333 1903 1516 1943 graviaque
1532 1903 1674 1943 proinde
1690 1904 1814 1935 damna
1831 1905 1863 1935 et
1881 1913 2050 1944 expensas
2064 1907 2243 1944 sustinuit,

633 1968 727 1999 prov.
748 1967 866 1990 canon.
886 1958 949 1989 sub
964 1966 1060 1997 exsp.
1078 1957 1181 1997 praeb.
1202 1957 1282 1988 eccl.
1302 1956 1551 1993 Lausanensis,
1570 1965 1637 1988 non
1656 1956 1742 1988 obst.
1762 1957 1853 1997 quod
1874 1957 1942 1997 ipsi
1964 1958 2004 1990 de
2027 1968 2146 1990 canon.
2165 1969 2243 1992 cum

634 2013 866 2044 reservatione
881 2011 986 2051 praeb.
1007 2011 1087 2042 eccl.
1107 2020 1135 2042 s.
1154 2010 1329 2042 Anatholii
1345 2010 1386 2041 de
1404 2010 1544 2045 salinis,
1561 2010 1733 2042 Bisuntin.
1751 2011 1811 2048 di.,
1826 2011 2006 2051 provisum
2021 2013 2076 2051 sit,
2097 2014 2130 2045 et
2145 2013 2244 2045 bene-

633 2067 748 2098 ficium
768 2075 795 2097 c.
814 2075 841 2097 c.
858 2065 913 2097 vel
930 2074 958 2096 s.
977 2074 1019 2103 c.‚
1038 2064 1174 2096 etiamsi
1190 2064 1297 2104 dign„
1313 2065 1516 2107 personatus
1534 2072 1594 2095 seu
1613 2064 1763 2095 officium
1781 2064 1917 2100 existat,
1936 2066 1978 2096 ad
1995 2066 2107 2099 collat.
2128 2067 2196 2107 ep.i
2212 2069 2246 2099 et

633 2120 774 2161 capituli
789 2119 1020 2151 Lausanensis
1036 2120 1247 2150 reservatum
1266 2118 1322 2149 sit.
1338 2135 1378 2140 —
1399 2118 1426 2149 Ι.
1449 2127 1477 2149 e.
1502 2127 1548 2149 m.
1576 2117 1691 2149 abbati
1714 2118 1914 2150 monasterii
1931 2119 2243 2158 Montisbenedicti,

634 2176 667 2206 et
681 2182 785 2215 praep.
801 2182 828 2204 s.
843 2173 1029 2208 Anatholii,
1045 2172 1218 2204 Bisuntin.
1237 2172 1298 2209 di.,
1318 2181 1355 2203 ac
1371 2172 1510 2204 Sicardo
1527 2171 1568 2202 de
1583 2172 1710 2209 Vauro,
1730 2171 1858 2203 archid.
1879 2172 1919 2204 de
1934 2173 2111 2211 Tornesio,
2127 2175 2244 2206 Catur-

635 2237 706 2260 cen.
726 2228 806 2259 eccl.
827 2227 880 2266 (A.
897 2228 949 2264 31,
967 2226 991 2257 f.
1007 2227 1067 2257 472
1089 2226 1122 2263 ὓς
1146 2226 1182 2258 V.
1199 2227 1252 2263 88,
1269 2225 1291 2257 f.
1311 2226 1371 2256 238
1389 2225 1414 2263 b,
1432 2234 1484 2265 ep.
1503 2226 1584 2256 3618
1600 2226 1654 2264 A.)

681 2278 819 2311 41021.
838 2299 875 2304 —
894 2279 1060 2312 Guillelmo
1074 2280 1112 2311 de
1126 2279 1283 2318 Luberho,
1297 2279 1574 2321 prioriprioratus
1590 2278 1627 2310 de
1643 2279 1781 2317 Manoto,
1801 2279 1836 2309 O.
1854 2279 1888 2310 S.
1908 2279 1960 2318 Β.,
1977 2280 2170 2312 Lemovicen.
2188 2282 2244 2318 di.,

634 2345 728 2367 conc.
746 2337 782 2366 ut
798 2335 908 2375 gratia
930 2343 1026 2374 exsp.
1046 2342 1154 2374 nuper
1167 2334 1234 2373 ipsi
1253 2333 1341 2365 facta
1357 2333 1397 2365 de
1410 2333 1574 2372 prioratu,
1593 2333 1770 2370 decanatu,
1788 2334 2023 2373 praepositatu,
2042 2334 2244 2373 obedientia,

635 2389 828 2421 administr.
843 2388 899 2420 vel
919 2388 974 2420 off.
992 2397 1019 2419 c.
1039 2397 1067 2419 c.
1086 2388 1140 2419 vel
1156 2396 1183 2419 s.
1205 2396 1232 2418 c.
1255 2388 1426 2427 spectante
1443 2387 1484 2418 ad
1501 2386 1717 2418 collationem
1734 2386 1868 2418 abbatis
1890 2388 2091 2420 monasterii
2108 2389 2245 2421 Clunia-

636 2452 722 2479 cen.,
737 2442 958 2475 Matisconen.
976 2442 1036 2480 di.,
1050 2442 1108 2483 (ad
1123 2441 1214 2482 quod
1225 2450 1267 2472 ex
1281 2442 1427 2472 monast.
1444 2449 1471 2472 s.
1486 2440 1653 2472 Martialis
1670 2440 1901 2479 Lemovicen.,
1915 2441 1954 2473 O.
1968 2441 2002 2473 S.
2018 2442 2071 2482 Β.,
2085 2451 2122 2474 se
2136 2444 2247 2474 trans-

636 2498 724 2529 ferre
740 2497 888 2535 tenetur)
903 2497 935 2528 et
951 2497 1114 2527 consueto
1129 2504 1190 2535 per
1202 2494 1313 2535 ipsius
1330 2494 1532 2526 monasterii
1548 2494 1745 2526 Cluniacen.
1764 2502 1855 2525 mon.
1874 2494 1967 2535 gub.,
1985 2496 2027 2526 ad
2044 2496 2246 2535 prioratum,

636 2550 851 2586 decanatum,
883 2550 961 2587 etc.,
993 2549 1098 2580 etiam
1127 2548 1398 2586 conventualem,
1424 2556 1460 2579 se
1490 2547 1662 2579 extendat.
1692 2547 1745 2586 (A.
1777 2549 1829 2585 30,
1859 2548 1883 2579 f.
1914 2549 1973 2580 296
1988 2547 2017 2585 ὓς
2043 2548 2079 2580 V.
2109 2551 2160 2587 86,
2192 2558 2244 2589 ep.

638 2603 742 2645 1670)

683 2655 822 2688 41022.
841 2675 881 2680 -
896 2656 937 2689 N.
954 2667 982 2688 υ.
1001 2656 1167 2692 Ludovico,
1193 2655 1401 2697 primoqenilo
1421 2665 1452 2687 n.
1475 2665 1504 2686 v.
1526 2653 1678 2686 Gnidonis
1701 2654 1738 2685 de
1755 2654 1952 2693 Castellione,
1973 2655 2093 2686 comitt's
2111 2655 2246 2691 Blesen.,

637 2717 666 2742 et
679 2722 710 2744 η.
720 2723 759 2744 m.
777 2712 920 2747 Jommae,
933 2715 1014 2742 natae
1028 2721 1059 2741 η.
1073 2721 1101 2742 υ.
1117 2710 1249 2742 Joanm's
1264 2709 1301 2740 de
1311 2709 1449 2747 Anonia,
1461 2708 1581 2739 comitis
1594 2708 1808 2748 Suessionen.,
1820 2709 1961 2748 dispens
1975 2717 2078 2748 super
2096 2715 2146 2740 111⁰
2160 2710 2192 2740 et
2204 2714 2248 2739 1v⁰

638 2766 859 2806 consanguin.
877 2767 910 2797 et
934 2765 1026 2796 affin.
1052 2764 1215 2804 gradibus
1237 2772 1280 2795 ex
1303 2763 1460 2803 pluribus
1477 2764 1510 2794 et
1526 2762 1671 2793 diversis
1689 2761 1853 2793 lateribus
1876 2761 1914 2792 in
1940 2762 2090 2793 matrim.
2111 2762 2152 2793 ad
2168 2762 2247 2794 soli-

638 2819 784 2851 dandam
801 2827 919 2859 pacem
935 2819 1024 2850 inter
1038 2817 1203 2849 Ludovici
1216 2818 1346 2858 patrem
1369 2817 1402 2849 et
1422 2816 1561 2847 Joannae
1576 2816 1748 2855 patruum,
1768 2815 1927 2846 comitem
1945 2814 2101 2853 Anoniae,
2116 2816 2249 2847 contra-

639 2872 762 2904 hendo.
780 2873 833 2911 (A.
847 2874 899 2911 30,
914 2872 938 2903 f.
952 2873 1012 2903 272
1027 2877 1056 2908 ⁸,
1078 2871 1114 2903 V.
1132 2872 1183 2910 86,
1203 2879 1255 2910 ep.
1276 2870 1383 2909 1638.)

684 2922 822 2955 41023.
841 2944 878 2950 -
894 2925 934 2957 Ν,
953 2936 982 2957 υ.
1006 2924 1142 2957 Gnidum·
1156 2924 1194 2955 de
1212 2923 1410 2959 Castellione,
1426 2923 1531 2953 comiti
1547 2921 1684 2958 Blesen.,
1703 2921 1826 2953 indult.
1842 2922 1878 2951 ut
1894 2930 1912 2951 v
1929 2920 2056 2958 clerici,
2072 2922 2250 2954 domestici

640 2980 673 3010 et
687 2979 886 3018 familiares,
904 2979 978 3010 suis
995 2978 1169 3018 obsequiis
1185 2977 1396 3014 insistentes,
1415 2976 1546 3007 fructus
1562 2974 1672 3006 benef.
1694 2982 1835 3005 suorum
1854 2974 1896 3005 ad
1911 2974 2099 3006 trIennium
2119 2974 2250 3015 integre

640 3032 842 3073 percipiant,
857 3032 937 3064 licet
952 3032 988 3063 in
1004 3032 1054 3063 eis
1073 3040 1140 3062 non
1155 3031 1338 3063 resideant.
1365 3047 1402 3053 --
1430 3030 1456 3060 Ι.
1485 3038 1513 3060 e.
1546 3037 1593 3059 m.
1612 3037 1639 3059 s.
1666 3027 1876 3059 Launomari
1894 3027 2046 3063 Blesen.‚
2067 3028 2249 3061 carnoten.
