2560 3476
301 337 359 367 190

333 425 434 451 Datum
455 418 640 452 Avenione.

301 531 564 566 2(v1n0n.)mart.
581 528 670 557 1328.
698 507 700 523 Ι

698 586 700 596 ¹
728 579 797 608 tax.
814 578 911 615 dec.),
930 577 965 608 in
979 577 1071 608 civit.
1090 577 1143 608 vel
1159 577 1205 608 di.
1223 576 1434 614 Atrebatem,
1451 577 1574 616 pertin.
1595 576 1638 607 ad
1655 576 1872 608 collationem
1888 577 1957 617 ep.i
1975 578 2008 609 et
2023 577 2124 617 capit.
2139 577 2335 610 Atrebaten.

391 576 421 604 T.
444 575 490 606 XI,
511 574 584 601 XIII.

448 743 483 769 Ut
505 750 529 770 s·

425 787 455 813 Τ.
474 786 551 815 11111.

302 1225 320 1252 3
340 1228 370 1258 (v
386 1225 467 1258 uon.)
483 1226 566 1250 mart.
585 1222 674 1250 1328.

391 1268 421 1295 r.
443 1268 489 1303 xl,
511 1267 583 1295 xm.

303 1385 322 1412 4
334 1388 376 1419 (1v
391 1385 471 1417 non.)
484 1386 567 1411 mart.
584 1383 674 1412 1328.

398 1430 428 1457 Τ.
446 1430 492 1462 XI,
509 1429 581 1456 XIII.

447 1599 485 1626 Ut
504 1606 528 1626 s.

391 1644 421 1671 Τ.
440 1643 499 1679 xil,
516 1642 585 1669 xlv.

448 1919 484 1946 Ut
505 1927 527 1945 s.

385 1964 415 1990 T.
438 1963 497 1994 XII,
519 1963 579 1990 XIV

451 2130 485 2157 Ut
506 2139 528 2157 s.

343 2176 376 2202 T.
394 2175 428 2202 xi
447 2176 493 2208 ¹12,
511 2174 634 2208 X111¹l2-

452 2557 488 2584 Ut
509 2565 532 2583 s.

397 2602 429 2632 T.
446 2602 493 2636 xi,
512 2601 585 2630 Χιιι.

308 2825 325 2852 5
337 2824 383 2859 (ιιι
396 2823 476 2858 non.)
488 2825 572 2851 mart.
589 2821 677 2849 1328.

397 2868 429 2897 T.
450 2867 495 2903 xi,
513 2867 586 2894 xm.

695 329 869 361 JOANNIS
890 328 1008 359 PAPAE
1030 328 1132 359 XXII.
1157 327 1407 366 (18164334),-
1431 346 1468 350 -
1491 325 1678 357 LITTERAE
1701 325 1927 358 COMMUNES

773 521 909 553 40581.
927 542 963 547 -
980 524 1099 555 Joanni
1118 523 1265 564 Bajardi,
1284 522 1357 554 cler.
1374 522 1556 554 Atrebatem.
1575 522 1632 561 di.,
1655 523 1764 563 gratia
1777 531 1872 563 exsp.
1890 523 2001 555 benef.
2020 532 2048 555 s.
2069 532 2096 556 0.
2115 524 2206 564 (401.
2225 525 2248 556 t.
2268 532 2334 556 see.

729 648 767 655 -—
782 632 820 662 In
841 640 870 661 e.
888 640 933 662 m.
952 639 979 662 s.
999 631 1139 661 Vedasti
1155 632 1187 662 et
1204 630 1330 662 Montis
1346 639 1374 660 s.
1391 630 1496 670 Eligit
1512 631 1658 661 monast.
1675 629 1867 668 abbatibus,
1885 629 2081 662 Atrebaten.
2097 630 2158 668 di.,
2176 639 2215 662 ac
2232 639 2335 671 praep.

729 685 808 716 eccl.
827 684 1042 723 Mirapiscen.
1062 684 1114 722 (A.
1132 685 1183 721 30,
1199 683 1222 715 f.
1239 685 1300 715 576
1318 683 1349 721 ¹¹3
1371 682 1407 715 V.
1424 684 1477 721 87,
1495 692 1547 723 ep.
1568 683 1676 722 2371.)

774 734 910 766 40582.
934 755 970 760 —-
988 736 1158 768 Bartholus
1171 736 1276 778 Bonfi,
1293 746 1375 768 mon.
1396 740 1526 768 monast.
1545 735 1583 767 de
1600 736 1807 777 passignano,
1827 735 1895 768 ord.
1915 736 2174 775 Vallirumbrosoe,
2190 737 2338 769 Fewlan.

729 790 789 826 di.,
810 791 846 822 fit
866 790 970 821 abbas
987 792 1132 822 monast.
1149 790 1182 821 S.
1202 791 1247 822 M.
1271 790 1312 821 de
1335 790 1474 826 Serena,
1498 789 1675 821 Vulteran.
1697 790 1756 827 di.,
1780 798 1853 821 vac.
1871 798 1932 830 per
1947 790 2214 831 resignationem
2231 790 2337 829 Salvi,

729 843 863 875 abbatis
888 845 1034 875 monast.
1053 853 1079 875 S.
1101 843 1280 875 Trinitatis
1302 843 1343 874 de
1366 842 1512 880 Amano,
1533 843 1615 874 dicti
1634 843 1720 879 ord.,
1746 842 1868 875 Senon.
1889 843 1950 881 di.,
1973 843 2009 874 in
2027 843 2186 875 manibus
2208 843 2340 875 abbatis

729 899 873 929 monast.
896 897 1189 932 vallisumbrosae,
1209 897 1252 928 ad
1267 897 1308 929 R.
1334 896 1374 928 E.
1392 896 1488 927 nullo
1506 896 1620 927 medio
1636 897 1774 936 pertin.‚
1797 896 1960 928 Fesulan.
1978 896 2038 935 di.,
2061 899 2182 937 sponte
2197 897 2339 933 factam;

729 953 862 982 cassata
877 951 974 991 prius
990 951 1206 990 praefectione
1221 950 1356 982 Nicolai
1373 950 1414 982 de
1429 950 1538 985 Senis,
1554 950 1637 980 dicti
1654 951 1802 981 monast.
1821 950 1862 981 de
1882 949 2018 982 Alfiano
2038 959 2145 988 mon.,
2164 959 2183 982 a
2200 949 2340 990 praefato

730 1004 850 1035 abbate
863 1004 1062 1036 monasterii
1084 1004 1370 1035 Vallisumbrosae
1391 1003 1491 1040 facta,
1509 1012 1586 1034 nam
1606 1003 1700 1043 Papa
1719 1003 1936 1042 provisiones
1954 1003 2107 1035 omnium
2129 1004 2288 1042 monast„
2304 1004 2341 1035 in

729 1057 883 1097 partibus
899 1058 1031 1089 Tusciae
1048 1057 1321 1095 consistentium,
1342 1057 1559 1096 dispositioni
1583 1065 1654 1088 suae
1667 1060 1912 1088 reservaverat.
1930 1075 1968 1079 —
1992 1057 2020 1088 I.
2038 1065 2068 1088 e.
2091 1065 2138 1088 m.
2157 1066 2254 1089 conv.
2271 1057 2337 1089 dic-

730 1112 840 1142 torum
865 1111 898 1143 S.
918 1112 962 1142 M.
985 1111 1026 1142 de
1047 1111 1173 1142 Serena
1200 1112 1233 1142 et
1256 1110 1370 1142 abbati
1394 1110 1678 1142 Vallisumbrosae
1701 1111 1998 1142 monasteriorum.
2024 1110 2076 1149 (A.
2107 1112 2158 1147 30,
2182 1110 2205 1142 f.
2232 1111 2294 1143 329
2309 1115 2339 1149 ⁸;

736 1164 772 1196 V.
792 1166 844 1202 88,
863 1173 914 1204 ep.
932 1165 1039 1203 3279.)
1962 1196 1965 1199 .

777 1215 912 1246 40583.
929 1235 967 1240 -
986 1217 1150 1249 Guillelmo
1167 1217 1204 1248 de
1220 1217 1387 1249 Bonabaut
1403 1225 1498 1256 prov.
1523 1225 1642 1248 canon.
1669 1217 1732 1248 suh
1749 1226 1845 1257 exsp.
1868 1217 1972 1257 praeb.
1988 1217 2068 1249 eccl.
2087 1217 2342 1250 Claromonten·
2393 1220 2398 1224 ’

733 1271 793 1302 sis.
810 1290 848 1294 —
863 1272 890 1302 I.
906 1280 936 1302 e.
955 1280 999 1302 m.
1019 1271 1190 1311 archiep.o
1205 1271 1404 1308 Bituricen.‚
1421 1272 1453 1302 et
1468 1270 1583 1302 abbati
1601 1272 1746 1302 monast.
1767 1279 1795 1301 s.
1811 1270 1917 1302 Illidii
1934 1271 2201 1308 maromontem,
2217 1280 2255 1302 ac
2271 1270 2343 1304 Oli-

733 1325 825 1356 verio
841 1325 881 1355 de
897 1325 1049 1362 Cerzeto,
1068 1333 1140 1356 can.
1158 1325 1343 1360 Pictaven.,
1364 1324 1465 1363 Papae
1481 1333 1552 1364 cap.
1569 1324 1623 1363 (A.
1641 1326 1692 1361 30,
1709 1324 1734 1355 f.
1750 1325 1811 1355 222
1824 1323 1856 1360 ¹³3
1882 1324 1918 1355 V.
1934 1325 1986 1361 86,
2003 1333 2055 1365 ep.
2074 1325 2180 1364 1492.)

777 1375 912 1407 40584.
934 1396 972 1400 -
989 1378 1084 1409 Petro
1113 1378 1213 1409 Veron
1237 1378 1347 1409 collat.
1373 1386 1491 1409 canon.
1519 1377 1583 1409 sub
1606 1386 1703 1418 exsp.
1727 1377 1830 1417 praeb.
1857 1378 1938 1409 eccl.
1962 1379 2147 1416 Veneten.;
2167 1386 2235 1410 non
2252 1378 2340 1411 obst.

733 1432 870 1471 paroch.
887 1431 967 1463 eccl.
986 1432 1026 1463 de
1042 1432 1178 1469 Nozeis‚
1194 1431 1383 1463 Nanneten.
1399 1431 1444 1462 di.
1463 1448 1503 1453 —-
1517 1431 1544 1462 Ι.
1562 1440 1592 1462 e.
1608 1440 1653 1462 m.
1672 1431 1774 1462 Petro
1792 1431 1979 1469 Benedicti,
1996 1431 2087 1463 dicto
2105 1432 2146 1463 de
2161 1431 2343 1469 Nanmtis,

734 1485 935 1522 Nanneten„
951 1486 984 1516 et
1001 1494 1086 1525 mag.
1105 1485 1255 1517 Brientio
1273 1485 1313 1516 de
1336 1484 1554 1523 Machecolio,
1575 1485 1755 1516 Trecoren.
1773 1494 1846 1516 can.
1865 1485 1961 1522 ech,
1980 1486 2080 1525 atque
2097 1484 2237 1517 officiali
2251 1485 2346 1517 Nan·

733 1540 845 1570 neten.
864 1539 916 1578 (A.
932 1540 984 1577 30,
1006 1539 1027 1569 f.
1048 1540 1086 1570 75
1102 1538 1134 1575 b;
1162 1538 1193 1570 V.
1210 1540 1262 1574 86,
1275 1547 1328 1578 ep.
1346 1538 1451 1578 1237.)

778 1590 916 1622 40585.
942 1610 979 1614 -
1003 1592 1146 1623 Arnaldo
1165 1592 1202 1622 de
1226 1591 1337 1623 Sauria
1358 1592 1494 1623 collatio
1513 1600 1631 1623 canon.
1659 1593 1691 1623 et
1707 1592 1809 1631 praeb.
1829 1591 1910 1623 eccl.
1935 1591 2168 1632 Mirapiscen.,
2192 1601 2265 1623 vac.
2283 1600 2345 1632 per

734 1646 864 1677 obitum
878 1647 897 1677 J
901 1646 1020 1677 oannis
1034 1646 1074 1676 de
1089 1645 1258 1683 Combris,
1278 1645 1375 1685 cujus
1391 1645 1555 1677 beneficia
1570 1645 1664 1685 Papa
1680 1645 1779 1677 XVII
1794 1645 1862 1676 kal.
1878 1645 1963 1676 febr.
1985 1654 2015 1676 a.
2029 1645 2080 1677 XI
2097 1646 2254 1686 disposit.
2274 1654 2345 1677 suae

733 1701 977 1736 reservaverat,
994 1701 1026 1730 et
1044 1699 1222 1730 Bertrandi
1241 1699 1282 1730 de
1305 1699 1408 1736 Aura,
1427 1699 1506 1730 cler.
1532 1698 1750 1738 Mirapiscen.
1766 1699 1824 1736 di.,
1846 1699 1905 1739 qui
1921 1707 1981 1738 per
1996 1699 2062 1731 ΡΡ.
2085 1699 2127 1730 de
2144 1699 2276 1730 eisdem
2293 1707 2345 1730 ca-

733 1762 811 1784 non.
831 1755 862 1784 et
880 1753 982 1792 praeb.
1003 1753 1163 1792 provisus
1188 1752 1263 1789 fnit,
1291 1753 1351 1783 sed
1374 1754 1556 1792 antequam
1572 1752 1693 1783 litterae
1714 1753 1823 1791 apost.
1848 1760 1951 1792 super
1971 1752 2033 1783 hac
2054 1752 2162 1793 gratia
2184 1753 2346 1785 confectae

734 1806 880 1837 fuissent
894 1805 989 1837 obiit.
1008 1823 1045 1828 —
1062 1806 1088 1836 Ι.
1112 1815 1140 1836 e.
1164 1814 1209 1836 ιιι.
1228 1806 1374 1845 Burgen.
1392 1806 1425 1836 et
1438 1805 1671 1845 Engolismen.
1689 1806 1827 1836 decanis
1841 1805 1936 1841 eccl.‚
1954 1814 1992 1836 ac
2005 1805 2113 1846 priori
2124 1806 2166 1837 do
2182 1806 2344 1844 Camono,

732 1860 949 1898 Mirapiscen.
968 1860 1011 1889 di.
1030 1859 1083 1899 (A.
1101 1860 1152 1894 30,
1170 1859 1192 1888 f.
1210 1860 1272 1890 220
1287 1864 1316 1894 ²5
1341 1858 1374 1889 V.
1393 1860 1445 1895 86,
1467 1867 1519 1898 ep.
1540 1859 1644 1898 1456.)

778 1910 914 1941 40586.
936 1931 972 1934 —
990 1911 1154 1944 Guillelmo
1170 1911 1206 1943 de
1221 1912 1343 1952 Ruppe,
1362 1911 1498 1942 sacristae
1513 1911 1616 1942 saecul.
1634 1911 1707 1942 eccl.
1724 1922 1748 1943 s.
1772 1912 1799 1942 T
1797 1912 1893 1943 komae
1905 1912 1942 1943 de
1956 1912 2129 1943 Fourverio
2145 1912 2343 1953 Luqdunen„

734 1967 854 1997 indult.
876 1968 913 1997 ut
927 1966 1033 2005 Petri,
1051 1965 1213 2005 archiep.i
1236 1966 1450 2005 Lugdunen.,
1467 1965 1643 2005 obsequiis
1660 1966 1850 1997 insistendo
1874 1966 1928 1997 vel
1950 1965 1986 1996 in
2007 1965 2112 1997 altero
2130 1965 2244 1998 benef.
2266 1975 2345 1998 suo-

733 2029 807 2050 rum
826 2019 1016 2056 residendo,
1038 2019 1169 2050 fructus
1190 2018 1300 2050 benef.
1321 2019 1519 2050 eorumdem
1537 2019 1579 2050 ad
1594 2019 1783 2050 triennium
1800 2019 1930 2059 integre
1952 2020 2128 2059 percipiat.
2146 2019 2225 2052 -Ι,
2249 2029 2280 2052 e.
2297 2029 2343 2051 m.

734 2082 810 2112 ep.o
824 2073 1035 2109 Gebennen.,
1054 2074 1086 2103 et
1102 2072 1230 2103 archid.
1244 2081 1282 2102 ac
1299 2072 1450 2103 sacristae
1462 2073 1542 2103 eccl.
1555 2073 1754 2112 Lugdunen.
1768 2073 1821 2111 (A.
1836 2074 1888 2110 30,
1902 2073 1924 2104 f.
1936 2074 1996 2104 216
2008 2078 2037 2110 ³;
2055 2073 2092 2105 V.
2105 2074 2156 2111 86,
2171 2082 2223 2114 ep.
2237 2073 2346 2113 1498.)

780 2123 916 2156 40587.
936 2144 975 2148 —
991 2125 1103 2156 Othoni
1120 2125 1156 2155 de
1172 2125 1289 2161 Aeolis,
1312 2134 1391 2154 mon.
1410 2125 1482 2155 eccl.
1499 2135 1524 2156 ε.
1545 2125 1646 2161 Flori,
1665 2125 1699 2156 Ο.
1719 2125 1752 2157 S.
1772 2126 1825 2163 B.,
1843 2126 1950 2166 gratia
1968 2135 2063 2165 exsp.
2088 2126 2272 2166 prioratus,
2291 2126 2347 2158 vel

735 2180 941 2216 administr„
959 2188 1020 2210 seu
1043 2179 1098 2210 o'ff.
1116 2180 1174 2209 aut.
1189 2178 1300 2209 benef.
1317 2187 1344 2209 0.
1363 2187 1390 2209 c.
1411 2178 1467 2209 vel
1484 2187 1511 2209 s.
1531 2187 1572 2216 c.,
1592 2179 1633 2209 ad
1651 2179 1764 2210 collat.
1782 2179 1910 2218 prioris
1930 2181 1962 2211 et
1985 2188 2080 2211 conv.
2101 2180 2274 2219 prioratus
2288 2179 2346 2212 Gi-

734 2233 857 2272 gniaci,
881 2233 1032 2264 Cluniae.
1051 2232 1135 2268 ord..
1154 2232 1349 2271 Lugdunen.
1369 2231 1429 2268 di.,
1447 2232 1489 2262 ad
1505 2240 1606 2271 quem
1623 2241 1658 2263 se
1673 2232 1858 2263 transferre
1874 2234 2019 2270 tenetur,
2039 2234 2246 2265 monasterio
2269 2233 2347 2266 Clu·

736 2287 880 2323 macen„
897 2286 1116 2316 Matisconen.
1133 2285 1191 2322 di.,
1206 2285 1402 2316 immediate
1418 2285 1572 2324 subjecti,
1586 2286 1708 2325 pertin.
1722 2287 1755 2317 et
1769 2294 1828 2326 per
1839 2286 1947 2325 ejusd.
1959 2286 2133 2325 prioratus
2147 2295 2239 2318 mon.
2251 2287 2346 2318 soliti

735 2339 831 2379 gub.;
851 2348 926 2370 cum
944 2339 1149 2378 obligatione
1167 2339 1361 2369 dimittendi
1376 2338 1431 2369 off.
1448 2338 1726 2378 eleemosynariae
1751 2339 1849 2370 dictae
1867 2339 1961 2377 ech,
1987 2341 2019 2370 et
2038 2339 2206 2380 hospitale
2223 2348 2348 2380 paupe-

736 2402 811 2424 rum
835 2393 915 2423 dicti
936 2392 1013 2429 loci,
1031 2393 1231 2423 consuetum
1258 2400 1318 2430 per
1335 2391 1645 2431 eleemosynarium
1664 2392 1771 2431 ejusd.
1791 2393 1872 2424 eccl.
1897 2392 1975 2432 gub.
1995 2411 2033 2415 —
2055 2393 2082 2424 Ι.
2104 2401 2133 2424 e.
2160 2402 2205 2424 m.
2230 2392 2347 2425 abbati

736 2448 880 2477 monast.
896 2446 1065 2480 Balmen.,
1080 2445 1251 2477 Bisuntin.
1263 2445 1323 2482 di.,
1335 2446 1367 2476 et
1378 2445 1506 2476 archid.
1522 2445 1671 2477 Salinen.
1688 2446 1873 2481 Bisuntin.,
1891 2455 1928 2477 ac
1939 2446 2123 2478 Guillelmo
2139 2446 2180 2478 de
2195 2447 2343 2487 Tureyo,

736 2508 809 2530 can.
830 2499 1028 2530 Cabilonen.
1046 2499 1127 2530 eccl.
1147 2499 1200 2537 (A.
1218 2500 1269 2535 30,
1285 2499 1307 2529 f.
1325 2499 1381 2529 281
1401 2498 1431 2536 ¹¹3
1456 2498 1491 2529 V.
1509 2500 1560 2534 86,
1579 2508 1633 2538 ep.
1651 2499 1758 2537 1653.)

783 2549 918 2582 40588.
936 2570 974 2574 -
993 2552 1100 2582 Ottoni
1119 2552 1154 2582 de
1170 2552 1226 2587 La,
1247 2552 1351 2592 presb.
1372 2552 1538 2583 Patavien.
1561 2552 1618 2588 di.,
1644 2553 1751 2592 gratia
1769 2561 1865 2593 exsp.
1884 2552 1995 2584 benef.
2017 2562 2045 2584 0.
2071 2562 2099 2584 0.
2122 2553 2177 2584 vel
2194 2562 2221 2584 s.
2242 2562 2270 2585 c.
2294 2554 2345 2594 (25

737 2607 864 2637 march.
882 2615 965 2645 arg„
985 2614 1052 2637 sec.
1075 2607 1145 2636 tax.
1164 2606 1261 2644 dee),
1280 2606 1315 2636 in
1330 2606 1423 2637 civit.
1444 2606 1496 2637 vel
1519 2606 1564 2636 di.
1585 2606 1774 2643 Patavien„
1794 2606 1915 2646 pertin.
1932 2607 1974 2638 ad
1991 2606 2209 2638 collationem
2225 2607 2294 2647 ep.i
2313 2608 2346 2638 et
2387 2598 2389 2600 ¹

737 2660 837 2699 capit.
855 2660 1046 2696 Patavien.;
1065 2668 1130 2690 non
1148 2658 1234 2690 obst.
1251 2659 1341 2699 quod
1357 2668 1460 2698 super
1475 2659 1556 2691 eccl.
1572 2660 1612 2690 de
1630 2659 1744 2696 Biber,
1761 2660 1958 2691 Seckovien.
1975 2660 2035 2698 di.,
2051 2668 2153 2700 quam
2165 2660 2207 2691 ad
2223 2668 2260 2692 se
2274 2669 2345 2692 ore-

737 2713 785 2744 dit
799 2713 839 2744 de
856 2713 929 2752 jure
945 2714 1109 2752 spectare,
1126 2721 1179 2752 ap.
1197 2713 1231 2745 S.
1249 2712 1289 2743 A.
1309 2713 1430 2752 litiget.
1447 2731 1486 2735 -
1501 2713 1527 2744 Ι.
1551 2722 1579 2744 e.
1602 2722 1646 2744 m.
1667 2722 1744 2753 ep.o
1757 2713 1950 2752 Laventin„
1968 2715 2000 2745 et
2017 2713 2131 2745 abbati
2152 2715 2297 2745 monast.
2315 2722 2345 2745 s.

736 2766 920 2803 Lamberti,
938 2765 1180 2805 Salzeburgen.
1196 2766 1254 2803 di.,
1267 2775 1304 2797 ac
1319 2775 1424 2806 praep.
1441 2766 1521 2798 eccl.
1534 2767 1732 2798 Seckovien.
1752 2766 1804 2806 (A.
1821 2768 1872 2804 30,
1891 2767 1915 2798 f.
1927 2768 1987 2799 409
2001 2773 2028 2803 ³3
2054 2767 2088 2798 V.
2102 2768 2154 2803 86,
2173 2775 2225 2807 ep.
2239 2767 2347 2807 1920.)

782 2816 918 2848 40589.
940 2837 976 2842 -
992 2819 1087 2850 Petro
1103 2818 1140 2849 de
1162 2819 1298 2850 Abbatia
1315 2820 1508 2851 reservatur
1524 2819 1630 2859 dign„
1649 2820 1703 2850 vel
1719 2821 1999 2859 personatusseu
2022 2820 2077 2852 off.
2098 2829 2126 2851 c.
2144 2829 2171 2852 0.
2192 2820 2246 2852 vel
2270 2829 2298 2852 s.
2315 2829 2343 2852 c.

736 2873 772 2904 in
788 2874 868 2904 eccl.
887 2873 1072 2910 Valentin.,
1092 2873 1126 2903 in
1149 2882 1215 2912 qua
1231 2873 1447 2912 dignitatum,
1469 2874 1716 2913 personatuum
1738 2875 1771 2904 et
1792 2873 1983 2905 officiorum
2008 2874 2143 2905 collatio
2168 2874 2211 2905 ad
2230 2882 2345 2913 ep.um

736 2926 906 2959 Valentin.
925 2926 1036 2957 solum
1049 2926 1217 2966 pertinere
1233 2926 1374 2964 dicitur3
1393 2935 1461 2958 non
1475 2926 1562 2958 obst.
1577 2927 1612 2957 in
1627 2927 1699 2958 ead.
1718 2935 1851 2964 canon„
1868 2927 1970 2967 praeb.
1985 2928 2018 2958 et
2032 2927 2258 2967 praepositura
2272 2935 2345 2966 quae

737 2989 797 3011 nec
812 2980 904 3020 dign.
922 2988 982 3010 nec
1000 2981 1201 3019 personatus
1224 2980 1343 3011 existit
1359 2988 1420 3012 nec
1437 2989 1552 3012 curam
1574 2979 1675 3011 habet
1697 2981 1900 3018 animarum,
1923 2982 1956 3011 et
1972 2980 2007 3011 in
2029 2980 2174 3011 Ilerden.
2192 2980 2272 3011 eccl.
2292 2988 2344 3011 ca·

736 3042 815 3065 non.
837 3033 900 3064 sub
917 3042 993 3073 exp.
1014 3033 1130 3073 praeb.,
1148 3041 1277 3064 necnon
1293 3033 1429 3072 paroch.
1452 3033 1533 3065 eccl.
1550 3034 1590 3064 de
1607 3034 1730 3072 Fayas,
1750 3042 1851 3073 quam
1869 3033 2041 3065 dimittere
2055 3034 2202 3068 tenetur,
2222 3033 2345 3065 Valen-
