2606 3490
382 310 458 351 26'

411 408 514 435 Datum
534 401 721 435 Avenione.

419 513 433 538 Ι
455 510 539 546 (kal.)
554 513 607 537 oct.
629 509 717 537 1327.

470 555 501 583 T.
516 555 575 589 XII,
590 554 661 582 XIV.

529 777 564 804 Ut
584 786 608 804 s.

473 822 504 850 T.
522 823 567 855 XI,
587 821 658 849 XIII.

526 1043 561 1070 Ut
581 1051 604 1070 S.

470 1088 500 1115 T.
518 1088 564 1121 XI,
580 1087 652 1114 XIII.

523 1257 559 1284 Ut
578 1264 601 1283 s.

471 1301 501 1329 T.
520 1302 565 1337 xl,
583 1301 654 1329 x111.

391 1528 410 1554 2
425 1530 467 1562 (V1
482 1527 563 1559 non.)
577 1530 630 1554 oct.
648 1525 735 1554 1327.

502 1571 532 1598 T.
548 1571 627 1598 XXX.

395 1741 416 1768 3
432 1740 463 1777 (v
478 1741 559 1776 non.)
576 1743 628 1769 oct.
646 1740 734 1768 1327.

491 1786 522 1813 Τ.
539 1786 632 1813 XXIV.

391 2546 411 2574 4
424 2547 466 2582 (lv
483 2549 562 2581 non.)
578 2551 631 2575 oct.
647 2547 734 2575 1327.

468 2592 498 2619 T.
515 2592 587 2626 xm,
603 2593 659 2619 xv.

776 314 949 346 JOANNIS
972 313 1091 345 PAPAE
1112 312 1214 343 XXII.
1238 312 1488 352 <1316-1334).
1513 329 1552 335 —
1575 310 1763 342 LITTERAE
1786 310 2012 344 COMMUNES

855 504 994 536 29962.
1011 523 1048 528 -
1061 507 1144 547 May.
1162 504 1296 547 AEqidio
1313 504 1349 535 de
1364 503 1551 540 Benevento,
1568 503 1691 534 archid.
1711 503 1748 534 de
1763 503 1901 545 Ripasili
1913 505 1947 536 in
1964 505 2038 536 eccl.
2054 505 2242 543 Astoricen„
2261 504 2328 537 PP.
2347 514 2418 547 cap.

811 565 840 591 et
854 560 967 601 palatii
984 565 1084 601 apost.
1102 569 1265 590 causarum
1281 557 1431 596 auditori,
1449 557 1570 589 indult.
1591 558 1641 594 ut,
1658 557 1694 588 in
1715 558 1873 589 Romana
1889 558 1994 590 Curia
2009 559 2044 591 S.
2060 559 2104 592 A.
2121 559 2299 600 obsequiis
2320 558 2422 591 insis-

810 616 922 652 tendo,
941 615 1071 646 fruetus
1089 614 1239 644 omnium
1256 611 1500 643 beneficiorum
1517 619 1660 642 suorum
1673 611 1896 651 praesentium
1911 613 1943 644 et
1958 611 2165 651 futurorum,
2186 612 2316 653 absque
2334 612 2421 644 resi-

810 668 936 704 dentia,
951 667 1123 708 percipere
1138 666 1258 697 valeat.
1274 683 1314 688 —
1329 665 1356 696 I.
1374 674 1402 696 e.
1421 674 1466 696 m.
1482 664 1630 696 Abulen.
1644 665 1677 696 et
1688 665 1729 696 de
1744 665 1905 697 Valderis
1918 666 2117 706 Legionem,
2129 668 2160 698 et
2173 667 2214 698 de
2227 667 2422 699 Benevento

810 722 951 754 Oveten.
967 720 1213 752 archidiaconis
1231 719 1311 751 eccl.
1330 719 1383 758 (A.
1399 720 1452 757 29,
1471 719 1495 750 f.
1516 719 1574 750 185
1592 722 1622 755 ⁸3
1647 718 1683 749 V.
1703 719 1754 757 85,
1774 727 1827 759 ep.
1846 720 1931 758 129.)

854 772 990 803 29963.
1007 791 1045 797 --
1059 774 1142 814 Mag.
1161 772 1319 804 Armando
1335 772 1372 804 de
1394 771 1554 810 Narcesio,
1580 783 1649 804 can.
1669 773 1744 805 eccl.
1763 764 1931 805 Carno'ten.
1956 783 1991 804 ac
2008 773 2075 805 PP.
2098 783 2183 815 cap„
2205 774 2319 806 collat.
2339 782 2422 814 prae-

808 828 970 867 positurae
988 828 1028 858 de
1044 829 1200 868 Engreyo
1216 836 1243 858 s.
1266 836 1308 864 c.,
1334 836 1408 867 quae
1433 835 1494 858 nec
1517 827 1610 867 dign.
1639 836 1701 859 nec
1724 829 1929 867 personatus
1957 827 2088 865 existit,
2110 828 2146 859 in
2165 828 2239 860 ead.
2260 828 2340 860 eccl.
2361 836 2422 868 per

809 881 889 913 obit.
908 881 1043 913 Mathaei
1058 882 1098 912 de
1114 881 1314 921 Columpna,
1331 881 1363 912 S.
1378 882 1418 912 A.
1436 889 1522 921 cap„
1541 890 1596 921 ap.
1611 881 1766 912 eamdem
1784 881 1907 914 sedem
1920 890 1994 912 vac.
2008 898 2046 903 —
2061 881 2087 913 I.
2103 890 2133 913 e.
2148 890 2193 913 m.
2211 890 2287 923 ‹ep-o
2303 881 2420 914 Catur-

807 944 892 970 cen.,
908 937 940 966 et
958 935 1084 966 decano
1102 935 1350 975 Engolismen.‚
1374 936 1474 974 atque
1492 934 1620 966 archid.
1638 934 1811 975 Figiacen.
1834 935 2013 967 Caturcen.
2033 935 2116 967 0001.
2133 935 2186 974 (Α.
2203 936 2257 974 29,
2273 935 2297 967 f.
2314 936 2372 966 221
2387 939 2420 974 ⁸3

814 988 849 1020 V.
867 990 918 1024 85,
940 998 991 1028 ep.
1011 990 1095 1027 189.)

851 1039 989 1071 29964.
1009 1061 1045 1065 —
1073 1042 1156 1082 May.
1184 1042 1317 1073 Imberto
1335 1041 1371 1072 de
1390 1042 1500 1079 Puteo,
1524 1042 1688 1084 utriusque
1706 1042 1794 1083 juris
1811 1042 1943 1081 doctori,
1958 1053 2027 1084 cap.
2048 1042 2155 1084 Palm,
2173 1052 2271 1083 prov.
2285 1051 2420 1080 canon„

807 1096 910 1135 praeb.
928 1105 965 1127 ac
982 1096 1216 1135 praepositurae
1234 1096 1306 1127 sive
1322 1097 1498 1133 mensatae,
1515 1105 1576 1127 nec
1589 1096 1766 1137 dignitatis
1781 1105 1842 1128 nec
1860 1099 2063 1137 personatus
2079 1097 2262 1129 existentis
2282 1098 2315 1129 et
2329 1105 2357 1129 S.
2377 1105 2420 1134 0.,

807 1150 887 1180 0001.
905 1150 1092 1187 Valentia„
1108 1151 1145 1181 ut
1163 1159 1190 1181 s.
1207 1150 1414 1181 vacantium.
1430 1168 1469 1172 —
1486 1150 1525 1181 In
1542 1159 1571 1181 e.
1589 1159 1634 1182 m.
1652 1150 1824 1190 episcopis
1841 1150 1961 1182 Oscen.
1982 1152 2015 1182 et
2030 1150 2272 1188 Foroliviensi‚
2291 1159 2331 1183 ac
2343 1151 2420 1182 Jee-

808 1203 930 1234 sellino
946 1204 986 1235 de
1002 1203 1199 1239 Cassanhis,
1216 1213 1289 1234 can.
1306 1203 1515 1235 Biterrensis
1530 1204 1625 1241 eccl„
1644 1213 1716 1244 cap.
1734 1204 1803 1235 PP.
1823 1204 1876 1244 (A.
1895 1206 1946 1240 29,
1965 1204 2067 1236 1.,305
2083 1209 2117 1241 ⁸;
2139 1204 2176 1236 V.
2192 1206 2245 1243 85,
2263 1213 2315 1245 ep.
2331 1205 2420 1244 318.)

851 1255 989 1287 29965.
1007 1276 1045 1280 —
1059 1257 1179 1288 Joannz·
1203 1257 1383 1295 Poncelleti,
1411 1256 1446 1287 de
1462 1257 1540 1298 filiis
1559 1257 1633 1289 Ursi
1655 1257 1691 1288 de
1709 1256 1800 1294 Urbe,
1820 1258 1958 1290 collatio
1974 1259 2069 1289 motu
2089 1258 2229 1298 proprio
2247 1267 2368 1290 canon.
2387 1259 2421 1290 et

807 1311 909 1350 prael).
925 1312 1173 1348 Constantien.‚
1187 1320 1224 1342 ac
1236 1311 1418 1343 archidiac.
1435 1311 1475 1343 de
1487 1312 1643 1343 Batixeio
1655 1312 1691 1343 in
1703 1312 1821 1344 eadem
1832 1312 1927 1350 eccl,
1940 1321 2012 1343 vac.
2025 1320 2087 1352 per
2098 1311 2230 1343 obitum
2240 1311 2421 1344 Guillelmi

807 1366 848 1396 de
865 1365 992 1403 Brixia,
1009 1366 1042 1396 S.
1058 1367 1098 1397 A.
1119 1374 1191 1405 cap.
1208 1383 1246 1387 —
1260 1366 1287 1396 I.
1305 1374 1335 1396 e.
1360 1374 1405 1396 m.
1432 1365 1602 1397 Rainaldo
1618 1366 1658 1397 de
1680 1365 1763 1397 filiis
1780 1365 1862 1398 Ursi
1887 1365 2015 1397 archid.
2033 1366 2074 1397 de
2092 1366 2273 1406 Campinia
2287 1365 2323 1396 in
2337 1365 2421 1397 eccl.

808 1420 981 1455 Leodien.,
1001 1421 1069 1450 not.
1087 1420 1198 1459 Papae,
1217 1421 1249 1450 et
1264 1419 1304 1450 de
1320 1419 1492 1459 Obsequio
1509 1428 1547 1451 ac
1563 1420 1603 1451 de
1625 1428 1653 1451 s.
1672 1420 1801 1456 Laudo,
1826 1419 2061 1452 constantien.
2080 1419 2140 1457 di.,
2155 1420 2302 1451 monast.
2321 1419 2421 1451 abha-

807 1473 910 1505 tibus.
928 1474 979 1513 (A.
993 1475 1042 1510 30,
1058 1473 1079 1504 f.
1097 1475 1155 1505 345
1170 1472 1202 1509 ¹23
1224 1473 1260 1504 V.
1278 1474 1331 1509 86,
1348 1482 1399 1513 ep.
1420 1475 1526 1512 1769.)
1940 1503 1944 1506 ,

852 1524 990 1556 29966.
1007 1545 1044 1549 -
1061 1527 1100 1558 Ν.
1121 1538 1147 1558 υ.
1169 1527 1300 1558 Ger-aldo
1316 1526 1353 1557 de
1382 1527 1494 1566 Barla,
1517 1532 1591 1558 nato
1619 1538 1650 1558 n.
1680 1538 1709 1558 v.
1734 1526 1873 1558 Arnaldi
1899 1527 2062 1559 Guillermi
2084 1526 2122 1558 de
2137 1527 2249 1567 Barta,
2267 1526 2420 1558 domicelli

807 1580 967 1621 Ayermen.
985 1581 1041 1618 di.,
1061 1591 1096 1611 ac
1115 1592 1147 1612 n.
1167 1592 1207 1613 m.
1228 1581 1429 1619 Constantiae,
1448 1586 1530 1612 παίω
1542 1592 1574 1612 n.
1595 1592 1625 1612 v.
1651 1581 1805 1612 Amalrici
1821 1581 1892 1612 dmi
1907 1581 1944 1612 de
1964 1581 2125 1619 Narbona,
2144 1581 2295 1622 dispens.
2315 1589 2421 1622 super

807 1636 840 1665 3⁰
853 1637 886 1666 et
898 1638 931 1666 4⁰
949 1636 1169 1675 consanguin.
1184 1635 1346 1675 gradibus
1358 1636 1393 1666 in
1405 1635 1555 1667 matrim.
1570 1636 1659 1667 inter
1671 1644 1729 1667 eos
1740 1635 1811 1675 Jam
1826 1637 2009 1667 contracto.
2027 1636 2079 1675 (A.
2090 1636 2143 1673 29,
2155 1635 2179 1668 f.
2196 1637 2254 1666 121
2266 1634 2297 1673 ¹³;
2315 1635 2353 1667 V.
2365 1635 2420 1674 85,

809 1698 859 1729 ep.
875 1690 942 1729 80.)

852 1741 990 1773 29967.
1011 1761 1050 1766 —
1063 1743 1212 1774 Ferraria
1226 1743 1374 1784 Peyroni,
1390 1751 1462 1783 cap.
1479 1743 1653 1775 Elisendis
1670 1744 1795 1783 reginae
1810 1743 2019 1783 Aragonum,
2037 1743 2250 1783 dispensatio
2267 1743 2421 1784 indulge·

807 1799 862 1829 tur
877 1800 914 1829 ut
929 1798 1132 1829 beneficium
1152 1807 1245 1837 perp.
1265 1797 1385 1829 altaris
1400 1806 1428 1828 s.
1444 1797 1571 1829 Felicis
1589 1797 1648 1828 siti
1663 1797 1697 1828 in
1725 1798 1807 1828 eccl.
1826 1797 1978 1835 Vicensi‚
1997 1797 2088 1837 quod
2102 1798 2220 1837 utpote
2237 1797 2279 1828 de
2297 1805 2419 1837 genere

807 1852 1016 1883 institutoris
1031 1852 1181 1891 ejusdem
1200 1851 1358 1883 beneficii
1372 1860 1433 1892 per
1453 1860 1567 1891 ep.u1n
1583 1851 1716 1889 Vicen.‚
1733 1851 1773 1882 de
1790 1859 1960 1882 consensu
1976 1851 2209 1890 patronorum,
2235 1851 2303 1891 ipsi
2329 1851 2419 1883 auct.

807 1906 979 1937 ordinaria
999 1906 1160 1937 collatum
1177 1906 1302 1941 extitit,
1324 1907 1424 1945 atque
1448 1905 1482 1936 in
1506 1905 1603 1945 cujus
1626 1905 1736 1936 benef.
1760 1905 1976 1936 institutione
2002 1906 2139 1936 cavetur
2154 1905 2246 1945 quod
2261 1904 2418 1941 clericus,

807 1960 865 1999 qui
877 1960 922 1991 sit
937 1960 976 1991 de
993 1969 1113 1999 genere
1129 1959 1338 1991 institutoris
1352 1959 1518 1999 eJusdem‚
1532 1959 1568 1990 in
1579 1959 1655 1999 ipso
1669 1959 1850 1990 institutus
1864 1958 2003 1990 assidue
2017 1958 2164 1990 celebret
2177 1959 2212 1990 in
2224 1958 2324 1990 altari
2337 1967 2420 1998 prae—

807 2013 896 2044 dicto
915 2023 952 2044 ac
972 2014 1137 2045 interesse
1155 2014 1246 2045 horis
1263 2013 1390 2044 divinis
1410 2013 1445 2043 in
1466 2013 1566 2045 choro
1588 2012 1706 2044 Vicen.
1724 2012 1875 2044 ecclesiae
1892 2013 2059 2050 teneatur,
2085 2011 2193 2043 libere
2214 2012 2365 2052 recipere
2385 2012 2418 2044 et

806 2076 913 2107 usque
930 2068 971 2098 ad
986 2068 1173 2098 triennium
1190 2068 1225 2098 in
1243 2077 1282 2099 eo
1300 2068 1410 2099 facere
1426 2066 1610 2103 deservire,
1626 2066 1809 2106 ipsumque
1826 2075 1893 2097 una
1908 2075 1985 2097 cum
2004 2065 2263 2097 canonicatibus
2277 2066 2419 2098 Barchi-

807 2130 928 2152 nonen.
948 2121 1010 2152 sub
1025 2122 1267 2160 praepositurae,
1286 2122 1448 2152 mensatae
1469 2120 1656 2160 vulgariter
1676 2121 1889 2160 nuncupatae,
1907 2129 1982 2160 quae
1998 2128 2059 2151 nec
2072 2119 2163 2160 dign.
2180 2128 2242 2151 nec
2257 2128 2418 2159 persona-

806 2177 860 2206 tus
879 2177 955 2206 ets.
974 2184 1001 2206 0.
1021 2175 1151 2211 existit,
1171 2177 1203 2206 et
1228 2176 1335 2215 ejusd.
1363 2184 1400 2206 ac
1426 2175 1546 2207 Vicen.
1568 2174 1789 2205 ecclesiarum
1806 2173 1870 2204 sub
1889 2173 2149 2213 praebendarum
2163 2175 2197 2205 et
2212 2173 2418 2213 capellania-

807 2238 882 2259 rum
896 2229 1085 2260 cedentium
1097 2229 1150 2260 vel
1165 2230 1400 2260 decedentium
1415 2229 1656 2260 canonicorum
1667 2228 1912 2268 expectatione,
1928 2237 2004 2259 011111
2018 2227 2097 2258 illas
2111 2227 2214 2259 fuerit
2227 2229 2416 2264 assecutus,

808 2291 936 2313 necnon
953 2292 1028 2313 cum
1044 2283 1228 2322 parochiali
1246 2283 1391 2314 ecclesia
1407 2283 1447 2314 de
1464 2283 1613 2323 Aytona‚
1629 2282 1775 2313 Ilerden.
1788 2279 1853 2319 'di.,
1871 2281 1977 2312 donec
1994 2281 2198 2312 beneficium
2214 2289 2242 2312 c.
2262 2290 2289 2312 0.
2310 2281 2366 2312 vel
2388 2290 2416 2312 s.

808 2346 835 2367 0.
853 2337 894 2367 ad
911 2337 1023 2367 collat.
1044 2338 1111 2376 ep.i
1128 2338 1308 2368 Dertusen.
1326 2338 1429 2377 (quod
1444 2346 1504 2376 per
1516 2337 1582 2368 litt.
1600 2337 1708 2376 apost.
1726 2337 1895 2375 expectat)
1907 2335 2011 2366 fuerit
2024 2337 2215 2370 assecutus,
2227 2336 2260 2366 et
2273 2343 2316 2366 ex
2329 2343 2419 2367 1111110

808 2390 896 2422 dicta
913 2391 1098 2430 parochiali
1116 2391 1195 2421 eccl.
1213 2391 1358 2422 dimissa
1375 2391 1478 2422 etiam
1494 2399 1562 2421 una
1578 2399 1655 2421 cum
1675 2390 1764 2421 dicto
1785 2390 1900 2421 curato
1922 2389 2086 2420 beneficio
2108 2388 2200 2420 licite
2215 2389 2328 2420 valeat
2341 2389 2418 2420 reti-

808 2452 898 2479 nere,
923 2453 982 2475 nec
998 2453 1057 2483 per
1074 2445 1201 2475 dictum
1219 2445 1406 2476 triennium
1419 2446 1574 2476 teneatur
1589 2445 1624 2475 in
1640 2444 1728 2475 dicto
1746 2443 1857 2475 benef.
1876 2443 1996 2474 altaris
2010 2442 2238 2482 personaliter
2253 2442 2418 2474 residere.

808 2498 861 2538 (A.
881 2499 930 2534 31,
949 2498 971 2527 f.
992 2499 1050 2529 302
1066 2497 1080 2518 b
1101 2500 1133 2529 et
1149 2499 1207 2529 309
1221 2504 1234 2519 a
1251 2500 1283 2536 1;
1307 2499 1340 2530 V.
1359 2500 1409 2534 88,
1428 2508 1480 2538 ep.
1501 2498 1609 2538 3225.)

852 2548 988 2580 29968.
1007 2569 1044 2573 -
1064 2551 1148 2582 Petri
1164 2553 1198 2582 de
1218 2552 1385 2591 Belloforti
1399 2552 1579 2584 translatio
1598 2561 1614 2583 e
1629 2551 1838 2583 monasterio
1854 2550 2102 2588 Aureliacensi,
2119 2550 2158 2582 Ο.
2174 2550 2207 2583 S.
2223 2550 2274 2588 B.‚
2290 2550 2333 2582 ad
2345 2558 2418 2582 mo·
2441 2574 2445 2578 .

808 2606 896 2636 nast.
916 2605 1090 2642 Grassen„
1106 2605 1257 2645 ejusdem
1273 2606 1360 2643 ο1(1.,
1379 2606 1627 2638 Carcassonen.
1644 2606 1703 2643 di.,
1722 2614 1800 2636 cum
1821 2604 2001 2636 collatione
2018 2603 2191 2643 prioratus
2208 2604 2249 2635 de
2267 2603 2417 2642 Paleria‚
2447 2631 2449 2633 ,

807 2658 959 2698 praedicti
977 2658 1060 2695 ο1(1.,
1080 2660 1314 2690 Gerundensis
1330 2660 1389 2694 di.,
1405 2659 1545 2699 praefato
1563 2659 1772 2691 monasterio
1790 2658 1987 2690 immediate
2004 2657 2148 2698 subjecti
2165 2659 2197 2689 et
2211 2666 2272 2698 per
2285 2657 2417 2689 obitum

807 2712 899 2743 Petri
915 2712 1055 2751 Saqueti
1069 2713 1158 2752 apud
1173 2713 1208 2744 S.
1225 2714 1265 2744 A.
1284 2714 1435 2745 defuncti
1452 2723 1522 2745 vac.
1539 2731 1579 2736 —
1592 2714 1632 2745 In
1651 2722 1679 2745 e.
1695 2722 1740 2744 m.
1760 2711 1942 2744 abbatibus
1962 2720 2009 2742 ss.
2038 2711 2148 2751 Sergii
2171 2713 2204 2743 et
2220 2711 2326 2743 Bachi
2349 2711 2416 2742 An-

808 2765 967 2805 degaven.
984 2767 1016 2796 et
1031 2774 1058 2795 s.
1076 2766 1249 2797 Laurentii
1264 2767 1303 2798 de
1319 2767 1445 2805 Monte,
1461 2767 1656 2799 Gerunden.
1673 2767 1733 2803 di.,
1749 2766 2047 2802 monasteriorum,
2061 2774 2099 2796 ac
2114 2766 2222 2805 priori
2238 2774 2266 2797 s.
2278 2764 2415 2797 Martini

806 2819 846 2850 de
865 2819 1002 2858 Campis
1019 2819 1183 2851 Parisien.
1202 2820 1255 2860 (A.
1274 2822 1324 2856 29,
1343 2821 1365 2851 f.
1383 2822 1440 2853 123
1456 2827 1485 2859 ει;
1509 2821 1540 2852 V.
1557 2822 1608 2859 85,
1629 2830 1681 2861 ep.
1700 2821 1764 2860 71.)

838 2946 860 2972 1.
878 2946 1013 2972 Genuinae
1030 2947 1135 2972 litterae
1152 2947 1280 2972 existunt
1300 2949 1497 2974 tantummodo
1518 2949 1537 2973 s.
1556 2950 1601 2974 309
1610 2958 1629 2978 ι,
1648 2951 1680 2974 ut
1701 2950 1817 2974 notetur
1833 2948 1862 2973 in
1878 2948 2008 2980 margine
2028 2947 2091 2973 folii
2112 2948 2158 2972 302
2171 2947 2183 2968 b
2200 2954 2206 2972 :
2225 2956 2235 2970 ι
2253 2946 2359 2978 Scripta
2376 2947 2414 2971 est

805 2987 880 3019 infra
893 2987 920 3011 in
932 2987 1020 3012 eodem
1033 2988 1171 3019 quaterno,
1184 2989 1326 3020 postquam
1343 2989 1398 3020 suit
1412 2991 1539 3015 correcta.
1561 2999 1572 3013 ι
