2560 3476
328 315 390 346 386
451 311 707 345 APPENDICES
725 311 781 342 AD
804 310 1077 342 DUODECIMUM
1099 309 1296 342 BULLARII
1317 309 1492 342 JOANNIS
1515 309 1634 341 PAPAE
1655 309 1747 341 XXII
1770 309 1930 341 ANNUM.
1951 327 1991 334 -
2005 310 2246 351 (1816-1884)

405 503 443 531 18
460 504 528 531 maii
544 502 632 535 1329,

440 548 500 575 lnd.
517 547 590 575 XII·-

395 1408 437 1436 26
451 1408 518 1443 jan.
537 1408 627 1438 1328.

401 1835 439 1863 M
453 1835 508 1868 feb.
528 1835 618 1869 1328,

439 1879 500 1907 1nd.
517 1879 577 1909 Xlt.

355 2320 460 2347 Datum
482 2316 658 2350 Avenione

388 2369 429 2397 20
450 2369 504 2404 seb.
527 2370 616 2406 1328,

318 2415 350 2448 (x
359 2414 418 2443 kal.
436 2417 523 2442 mart.
536 2414 693 2451 annoxno)

321 2529 358 2557 18
373 2533 458 2557 mart.
477 2529 565 2566 1328,
581 2530 640 2558 ind.
657 2530 692 2557 XI

350 2575 379 2602 et
395 2574 434 2603 29
450 2579 534 2604 mart.
558 2575 651 2604 1329.

312 2796 352 2824 29
370 2797 493 2825 mart-4
512 2805 575 2832 apr.
597 2798 687 2835 1328,

430 2842 492 2870 Ind.
511 2842 570 2871 xl·.

804 501 941 534 42401.
961 521 999 526 -
1015 503 1121 544 Copia
1143 503 1331 535 litterarum
1356 502 1459 541 Papae
1478 502 1660 533 missarum
1678 501 1851 533 communi
1872 500 2021 551 Nursiae,
2039 501 2168 533 directa
2188 501 2308 534 Joanm'
2330 501 2369 534 ae

758 557 892 593 timelio,
918 557 1035 587 rectori
1054 556 1185 587 ducatus
1201 555 1377 597 Spoletani,
1397 555 1466 587 kal.
1494 555 1565 586 dec.
1594 563 1624 586 a.
1645 554 1722 591 XII,
1748 562 1851 594 super
1869 555 2085 586 restitutione
2109 556 2213 586 castri
2242 555 2370 588 Montis

758 620 785 643 s.
805 611 957 648 Martini,
973 610 1146 650 Spoletan.
1163 609 1224 647 di„
1242 618 1262 640 a
1278 609 1369 641 dicto
1386 608 1559 640 communi
1577 608 1741 647 occupati.
1758 608 1943 649 (Perqamen
1954 616 2105 650 parvumg
2121 617 2155 640 n.
2175 609 2243 648 3⁴.)

1520 989 1602 1042 II

834 1126 1066 1158 Instrumenta
1090 1122 1311 1156 miscellanea
1335 1122 1501 1156 Vaticana
1525 1133 1600 1167 quae
1623 1122 1662 1156 in
1687 1122 1840 1168 capsula,
1868 1121 1963 1157 dicta
1986 1121 2148 1157 vicesima
2171 1121 2289 1164 tertia,

1333 1194 1421 1228 anni
1443 1192 1537 1229 1398
1559 1194 1792 1240 reperiuntur.

801 1401 937 1434 42402.
953 1423 992 1428 —-
1007 1403 1175 1435 Monaldus
1194 1403 1230 1434 de
1254 1402 1445 1440 Castroeinffi
1469 1403 1536 1434 PP.
1555 1413 1638 1444 cap„
1662 1407 1692 1434 et
1715 1403 1942 1434 commissarius
1958 1403 2000 1434 ad
2021 1403 2269 1445 recuperandum
2287 1403 2370 1436 bona

758 1457 873 1489 Garsiae
892 1457 1040 1495 Arnaldi,
1060 1457 1175 1499 quond.
1195 1457 1260 1499 ep.i
1279 1457 1416 1498 Aquam,
1433 1467 1452 1487 a
1470 1456 1505 1488 S.
1527 1457 1567 1487 A.
1585 1456 1764 1498 deputatus,
1784 1457 1922 1488 mandat
1938 1457 2126 1497 guardiano
2144 1457 2287 1489 fratrum
2307 1457 2368 1490 Mi-

755 1520 888 1547 norum,
903 1511 1011 1552 priori
1036 1512 1076 1543 de
1102 1511 1258 1543 Carmelo
1281 1511 1321 1542 de
1342 1511 1452 1551 Aquis
1473 1511 1505 1542 et
1533 1510 1613 1542 aliis
1639 1511 1677 1542 ut
1700 1510 1906 1550 compellant
1934 1510 2126 1542 Oliverium
2151 1511 2193 1543 de
2213 1511 2367 1551 Ingham,

754 1565 943 1600 Vaseoniae,
970 1566 1003 1597 et
1024 1564 1258 1596 Raimundum
1285 1564 1450 1600 Durandi,
1473 1564 1671 1595 Landarum
1688 1563 1911 1602 senescallos,
1934 1565 1972 1595 ut
1994 1564 2177 1596 restituant
2203 1566 2284 1597 3000
2305 1563 2366 1596 lib.

753 1619 973 1659 burdegalen.
995 1620 1029 1650 et
1047 1618 1166 1650 50001.
1189 1620 1213 1650 t.
1235 1627 1320 1658 quas
1340 1626 1407 1649 una
1429 1626 1506 1649 cum
1527 1617 1606 1649 aliis
1627 1618 1728 1649 bonis
1748 1617 1901 1657 ejusdem
1915 1617 1997 1657 ep.i,
2011 1618 2114 1650 40000
2134 1617 2159 1649 1.
2177 1619 2202 1650 t.
2222 1618 2368 1650 valenti-

752 1672 829 1709 bus,
846 1672 1010 1710 detinent,
1031 1681 1091 1703 nec
1106 1671 1267 1711 requisiti
1283 1671 1402 1702 volunt
1418 1670 1571 1702 reddere.
1594 1671 1735 1707 Datum,
1752 1670 1807 1702 die
1829 1670 1949 1702 martis
1973 1671 2055 1702 1328
2067 1670 2103 1702 in
2120 1671 2269 1703 crastino
2286 1671 2368 1704 festi

753 1725 987 1756 conversionis
1002 1725 1112 1756 sancti
1127 1724 1240 1756 Pauli.
1262 1723 1440 1764 (Oriqinale
1455 1733 1680 1764 pergamenum
1697 1723 1851 1761 strictum,
1869 1722 1922 1753 sed
1937 1723 2073 1763 ῑοηῃιιηι,
2091 1724 2179 1765 cujus
2196 1734 2275 1766 pars
2287 1724 2368 1766 infc-

752 1779 819 1809 rior
832 1788 908 1809 caesa
924 1783 968 1809 est
984 1778 1070 1809 vittis
1085 1787 1123 1808 ex
1137 1777 1249 1818 quibus
1259 1776 1438 1818 pendebant
1450 1776 1560 1817 siqilla
1576 1786 1650 1807 cerae
1665 1776 1766 1808 rubeae
1781 1781 1810 1808 et
1825 1777 1940 1817 m'qrae;
1956 1786 1989 1808 n.
2005 1777 2050 1817 ¹.)

797 1829 936 1862 42403.
955 1848 990 1853 -
1009 1830 1192 1872 Inquisitio
1211 1830 1328 1862 habita
1345 1830 1386 1862 de
1411 1830 1571 1862 mandato
1594 1829 1696 1870 Papae
1719 1838 1822 1870 super
1846 1830 2042 1863 visitatione
2067 1830 2114 1862 di.
2130 1831 2366 1872 Linoopensis‚

752 1886 787 1917 in
803 1894 906 1926 regno
925 1885 1060 1917 Swetiae
1084 1885 1286 1922 constitutae,
1308 1893 1382 1924 quae
1402 1884 1486 1916 adeo
1504 1884 1629 1915 diffusa
1647 1884 1680 1915 et
1700 1883 1860 1915 distincta
1880 1885 1933 1916 est
1955 1884 2082 1916 insulis
2102 1885 2209 1916 maris
2226 1887 2260 1917 et
2281 1885 2368 1917 locis

751 1939 930 1979 paludosis
947 1948 986 1970 ac
1001 1938 1203 1975 nemorosis,
1219 1939 1256 1969 ut
1271 1938 1313 1969 ad
1329 1937 1485 1978 quaedam
1501 1937 1576 1969 loca
1591 1937 1745 1977 ejusdem
1761 1945 1920 1969 accessus
1935 1945 2003 1969 non
2023 1938 2149 1978 pateat,
2173 1938 2244 1970 nisi
2263 1938 2368 1971 certis

751 1993 832 2024 anni
847 1992 1074 2032 temporibus;
1097 1992 1180 2023 item
1201 1992 1241 2022 de
1259 1991 1451 2022 redditibus
1465 1990 1708 2022 ecclesiasticis
1730 1990 1788 2030 qui
1810 1992 1891 2022 sunt
1910 1991 1994 2023 adeo
2015 1992 2136 2023 tenues
2156 1993 2194 2023 ut
2217 1993 2367 2024 rectores

751 2047 973 2078 ecclesiarum
1004 2047 1046 2077 ad
1072 2045 1253 2077 solvendas
1280 2044 1538 2084 procurationes
1559 2043 1773 2084 episcopales
1800 2044 1880 2075 sunt
1901 2043 2164 2076 insufficientes.
2187 2045 2299 2082 Quare
2324 2045 2367 2078 de

751 2100 995 2131 consuetudine
1017 2100 1106 2131 dicta
1123 2099 1169 2130 di.
1190 2098 1352 2130 visitatur
1369 2107 1430 2138 per
1448 2106 1566 2138 praep„
1585 2098 1751 2129 decanum
1767 2098 1800 2129 et
1819 2097 1948 2129 archid.
1968 2098 2152 2138 Lincopen.
2163 2107 2173 2135 ;
2192 2099 2253 2131 sed
2265 2098 2298 2131 b.
2316 2107 2364 2131 m.

751 2154 968 2190 Laurentius,
985 2161 1083 2193 ep.us
1108 2153 1306 2192 Lincopen.‚
1325 2161 1345 2183 a
1369 2151 1460 2182 dicta
1483 2151 1729 2182 consuetudine
1756 2151 1898 2183 recessit
1920 2151 1956 2182 in
1971 2153 2142 2183 rectorum
2167 2151 2365 2184 eorumdem

749 2216 851 2247 grave
869 2207 1098 2246 dispendium,
1117 2207 1151 2237 et
1168 2206 1322 2243 Carolus,
1340 2213 1429 2236 nunc
1445 2213 1555 2245 ep.us,
1573 2205 1663 2235 dicta
1678 2204 1924 2236 consuetudine
1945 2205 1995 2236 uti
2015 2205 2106 2237 licite
2123 2205 2230 2245 petiit.
2251 2205 2366 2247 (Origi-

750 2260 822 2291 παῖε
839 2270 1057 2302 perqamenum
1080 2259 1160 2291 VIII
1172 2259 1357 2290 membranis
1375 2258 1474 2299 lonqis
1487 2262 1516 2289 et
1530 2258 1696 2299 disjunctis
1711 2262 1856 2288 constans
1861 2267 1872 2294 ;
1887 2267 1919 2290 n.
1937 2257 1981 2299 2.)

794 2311 931 2343 42404.
952 2331 991 2336 -
1005 2314 1156 2345 Joannes
1173 2313 1267 2353 Papa
1282 2312 1385 2344 XXII
1402 2312 1541 2343 mandat
1556 2311 1651 2342 Petro
1672 2310 1846 2352 Maymzdae,
1871 2311 2008 2342 thesaur.
2029 2311 2159 2343 ducatus
2184 2312 2362 2354 Spoletam',

749 2370 785 2399 ut
801 2367 999 2399 vicerectori
1013 2367 1172 2398 Marchiae
1195 2366 1428 2403 Anconitanae,
1451 2365 1649 2405 pecuniario
1672 2365 1827 2396 subsidio
1845 2374 1906 2404 pro
1925 2365 2072 2405 negotiis
2086 2366 2184 2397 dictae
2204 2365 2362 2399 Marchiae

748 2421 926 2461 indigenti,
943 2429 1061 2452 omnes
1076 2420 1253 2460 pecuniaS,
1274 2428 1359 2459 quas
1375 2419 1552 2450 commode
1568 2418 1705 2458 poterit,
1731 2418 1963 2458 quantocitius
1980 2418 2115 2451 mittere
2138 2428 2203 2451 non
2228 2421 2363 2460 postpo-

748 2476 816 2506 nat.
839 2474 1016 2515 (Oriqinale
1027 2482 1262 2515 perqamenum3
1281 2481 1314 2504 n.
1331 2474 1350 2503 2
1367 2472 1437 2511 bis.)

792 2525 930 2558 42405.
947 2545 987 2551 -
1002 2528 1139 2559 Ioannes
1154 2526 1192 2558 de
1209 2526 1341 2561 Amelio‚
1359 2530 1461 2556 rector
1484 2525 1617 2556 ducatus
1632 2525 1810 2566 Spoletani,
1831 2525 1961 2565 recepit
1982 2534 2002 2557 a
2018 2525 2231 2558 thesaurario
2247 2526 2356 2566 ejusd.

747 2582 889 2613 ducatus
907 2581 1069 2613 salarium
1086 2589 1187 2611 suum
1213 2580 1253 2611 de
1281 2587 1398 2610 mense
1426 2578 1511 2610 febr.
1531 2580 1610 2610 1324
1637 2579 1679 2609 ad
1701 2587 1854 2609 mensem
1877 2578 2057 2618 praesentis
2078 2579 2194 2610 martii
2211 2581 2302 2612 1328.
2321 2595 2360 2603 --

745 2635 829 2666 Idem
843 2635 971 2675 recepit
988 2634 1153 2665 salarium
1167 2642 1274 2673 usque
1291 2633 1334 2663 ad
1355 2641 1507 2664 mensem
1523 2632 1607 2663 febr.
1625 2632 1780 2671 proxime
1800 2631 1981 2671 praeteriti3
1999 2632 2205 2672 computatis
2231 2641 2265 2664 iv
2283 2633 2357 2666 flor.

745 2689 892 2729 singulis
911 2688 1043 2719 diebus.
1064 2688 1192 2719 Datum
1209 2688 1248 2718 29
1274 2687 1374 2717 mart.
1402 2687 1491 2723 1329,
1518 2685 1588 2717 ind.
1607 2685 1700 2716 X112.
1730 2684 1905 2725 (Oriqinale
1922 2694 2147 2726 pergamenum
2170 2690 2199 2716 et
2213 2685 2359 2728 lonqum3

746 2744 927 2826 aigum.
948 2813 985 2818 —
1005 2795 1070 2826 Die
1091 2796 1131 2826 29
1153 2793 1280 2829 martii,
1305 2792 1458 2824 Geraldus
1476 2791 1513 2823 de
1542 2791 1641 2829 Valle,
1670 2791 1852 2833 Campaniae
1871 2791 2098 2833 Maritimaeque
2118 2796 2230 2831 rector,
2259 2793 2360 2825 tradit

742 2849 954 2890 procuratori
968 2848 1173 2880 thesaurarii
1187 2846 1345 2878 Marchiae
1361 2846 1581 2877 Anconitanae
1597 2847 1676 2877 1000
1691 2853 1768 2877 unc.
1788 2846 1824 2876 in
1838 2842 2087 2877 cariolensibus
2103 2846 2235 2886 argenti
2250 2846 2291 2878 de
2304 2847 2359 2878 de-

742 2903 856 2935 cimali
870 2903 1014 2943 pecunia
1029 2902 1065 2933 in
1079 2910 1183 2941 regno
1198 2900 1323 2932 Siciliae
1339 2899 1530 2931 recollecta.
1543 2917 1580 2922 -—
1596 2899 1682 2930 Item
1698 2899 1753 2931 die
1768 2900 1788 2929 4
1803 2898 1936 2939 aprilis,
1949 2898 2029 2930 idem
2037 2903 2144 2938 ,rector
2156 2899 2261 2932 tradit
2274 2908 2358 2939 prae-

741 2958 811 2989 fato
828 2956 1040 2997 procuratori
1055 2957 1115 2988 500
1133 2963 1210 2986 unc.
1229 2955 1266 2986 in
1286 2952 1535 2985 cariolensibus
1555 2961 1624 2993 arg.
1647 2953 1688 2984 de
1706 2952 1867 2993 praedicta
1884 2952 2039 2993 pecunia.
2060 2952 2233 2994 (originale
2245 2962 2357 2994 perga·

740 3020 861 3042 menum
868 3019 877 3047 3
892 3019 925 3042 n.
946 3011 992 3049 6.)

2553 649 2560 701 z

2500 717 2508 724 ·
2550 702 2560 768 ἐ
