2560 3476
304 323 366 354 392
423 317 676 352 APPENDICES
698 316 755 348 AD
778 314 1050 347 DUODECIMUM
1073 314 1270 345 BULLARII
1290 313 1466 344 JOANNIS
1490 313 1610 344 PAPAE
1631 313 1724 345 XXII
1745 314 1906 347 ANNUM.
1929 333 1967 340 -
1990 317 2227 357 (ww-1334)

432 616 551 656 Toleti,

305 674 323 700 9
340 673 394 707 (vn
413 671 466 705 id.)
483 672 566 698 mart.
586 668 677 699 1328,

449 776 486 805 Ut
505 784 529 804 s.

303 887 404 921 Romae,
420 883 459 911 27
480 886 564 911 mart.
584 881 674 911 1328.

449 1044 486 1071 Ut
501 1052 525 1071 s.

366 1151 406 1178 29
422 1153 505 1178 mart.
526 1148 614 1176 1328.

337 1258 373 1286 13
392 1257 455 1292 (id.)
471 1264 534 1291 apr.
552 1254 641 1283 1328.

393 1302 482 1337 (anno
501 1299 584 1335 XlP).

374 1418 415 1446 27
430 1425 492 1453 apr.
514 1416 600 1444 1328.

375 1579 414 1606 29
433 1586 495 1613 apr.
515 1576 604 1604 1328.

359 1690 465 1716 Datum
489 1685 616 1720 Romae,

339 1743 416 1778 apud
434 1749 461 1770 s.
482 1738 637 1783 Petrum,

316 1794 329 1819 1
350 1793 428 1825 maii,
444 1791 505 1819 ind.
528 1790 575 1821 XI,
588 1796 664 1816 anno

301 1836 416 1865 Domini
435 1835 523 1871 1328,
534 1834 618 1869 regni
632 1833 675 1860 sui

331 1890 407 1909 anno
423 1881 512 1913 X1V0‚
529 1877 647 1913 Imperii

389 1934 458 1954 vcro
477 1924 584 1960 primo.

384 2006 402 2034 3
417 2006 486 2033 maii
503 2003 591 2032 1328.

371 2111 410 2140 27
425 2112 493 2140 maii
506 2112 522 2139 1
529 2111 599 2140 328.

451 2270 485 2297 Ut
505 2278 528 2296 s.

300 2378 328 2414 6,
345 2378 374 2413 8,
389 2377 437 2413 13,
450 2377 490 2404 29
500 2376 568 2411 jun.
584 2376 671 2404 1328.

346 2549 349 2553 ’
371 2538 408 2565 16
422 2537 489 2572 jun.
511 2537 601 2564 1328.

300 2644 409 2675 Ilerdae,
430 2644 471 2670 22
490 2643 559 2677 jun.
582 2642 672 2674 1328,

388 2692 421 2724 (x
437 2687 496 2715 kal.
514 2687 585 2724 jul.)

287 2908 292 2914 ¹
323 2915 428 2941 Datum
451 2910 650 2954 Garanyene

303 2963 321 2991 7
344 2965 399 2998 (vu
417 2963 470 3000 id.)
490 2973 558 2999 aua.
583 2964 672 2992 1328.

732 517 912 549 responsum
925 506 1032 538 datum
1049 507 1086 537 ab
1104 506 1208 538 eodem
1225 507 1371 548 episcopo
1387 517 1482 549 super
1492 507 1624 550 postilla
1642 509 1731 540 Petri
1747 509 1879 542 Joannis
1897 510 1980 542 olivi
1993 511 2028 551 (f.
2055 512 2095 544 86
2111 511 2142 549 ”3
2161 512 2344 553 Raynaldi,

733 560 774 592 ad
789 571 907 591 annum
925 561 1016 600 1327,
1035 560 1388 600 §XXVII-XXXVI.)

777 609 792 626 v
801 611 923 643 42481
932 636 939 643 .
948 632 986 636 -
997 613 1225 654 Apographon
1238 615 1463 654 procuratorii
1475 615 1696 648 instrumenti
1708 616 1876 659 Alphonsi‚
1891 618 1973 659 regis
1988 617 2142 657 Castellae,
2154 628 2221 660 quo
2237 619 2345 652 mittit

733 668 870 698 nuntios
886 668 927 698 ad
944 668 1112 699 ,Ioannem
1134 667 1235 699 XXII
1253 676 1315 708 pro
1330 668 1474 708 petendo
1491 668 1648 701 subsidio
1665 671 1782 701 contra
1799 670 2018 703 Sarracenos.
2035 673 2196 711 (Amario
2210 671 2302 704 XXX
2307 671 2344 710 V,

731 721 756 751 t.
774 722 804 757 6,
823 721 846 751 f.
864 722 924 752 453
941 720 981 760 h.)

776 769 792 787 V
803 771 942 804 42482.
951 774 1132 806 —Litterae
1143 774 1279 815 ejusdem
1289 775 1372 816 reqis
1384 775 1737 816 notificantesldictum
1748 777 2026 811 instrumentum.
2038 778 2200 818 (Armario
2210 778 2345 816 XXXV,

732 829 757 860 t.
775 829 806 863 4,
824 828 847 858 f.
866 829 925 859 208
943 829 981 866 a.)

777 876 942 911 v42483.
956 898 995 903 —
1010 881 1215 921 Exemplum
1231 881 1404 922 privilegii
1421 891 1482 922 per
1495 883 1737 923 imperatorem
1755 883 1966 916 Ludovicum
1980 885 2133 917 concessi
2149 885 2191 917 de
2207 884 2347 925 quihus-

734 935 811 965 dam
826 935 948 966 castris
971 934 1153 965 comitibus
1176 934 1437 967 Montisferetri.
1457 935 1619 974 (Ar-mario
1638 936 1706 975 LX,
1727 938 1752 968 t.
1773 938 1824 975 21,
1843 946 1876 978 p.
1895 938 1931 975 3;
1948 937 2106 976 Theiner,
2131 936 2236 969 Codex
2248 937 2345 979 diplo-

733 989 877 1026 maticus,
893 989 916 1019 t.
932 989 960 1024 I,
976 997 1008 1027 p.
1027 989 1100 1026 553,
1115 988 1187 1019 doc.
1208 988 1436 1028 DCCXXVI.)

778 1037 793 1054 ν
803 1039 941 1071 42484.
954 1059 993 1064 -—
1009 1041 1141 1073 Similis
1158 1042 1332 1073 concessio
1345 1051 1423 1073 cum
1440 1044 1552 1074 castro
1569 1044 1727 1075 Galliano
1740 1045 1774 1076 et
1789 1044 1873 1076 villa
1888 1053 1915 1075 s.
1928 1045 2072 1077 Andreae
2087 1044 2177 1077 facta
2189 1046 2241 1077 est
2256 1052 2346 1077 com-

733 1096 829 1127 muni
843 1095 978 1127 Urbini.
998 1095 1158 1134 (Ar-mario
1174 1095 1242 1133 LX,
1260 1097 1283 1127 t.
1303 1097 1353 1134 21,
1370 1105 1403 1136 p.
1419 1097 1453 1133 4;
1471 1096 1630 1134 Theiner,
1647 1102 1683 1128 ut
1695 1108 1734 1135 s.,
1750 1106 1783 1137 p.
1801 1099 1872 1136 554,
1888 1098 1960 1129 doc.
1978 1098 2228 1137 DCCXXVII.)

777 1144 941 1178 ν42485.
959 1165 998 1169 -
1013 1149 1203 1180 Renovatio
1218 1149 1478 1189 privilegiorum
1496 1150 1584 1181 facta
1605 1150 1787 1182 comitibus
1809 1151 2055 1183 Montisferetri
2074 1151 2117 1183 ab
2137 1151 2256 1183 eodem
2276 1150 2346 1183 Lu-

734 1202 862 1233 dovico.
885 1202 1044 1239 (Armario
1058 1201 1125 1238 LX,
1144 1203 1168 1234 t,
1185 1203 1237 1238 21,
1253 1211 1284 1241 p.
1300 1204 1340 1239 63
1358 1202 1516 1241 Theiner,
1537 1207 1572 1233 ut
1589 1214 1628 1239 s.,
1644 1213 1676 1243 p.
1693 1205 1765 1241 555,
1781 1204 1854 1235 doc.
1873 1204 2139 1244 DCGXXVHI.)

778 1253 915 1285 42486.
946 1274 984 1279 -
1009 1256 1152 1287 Joannis
1175 1256 1276 1287 XXII
1297 1257 1446 1296 epistula
1464 1257 1506 1287 ad
1522 1257 1710 1297 Euqubinos
1729 1259 1765 1289 ut
1787 1257 1947 1290 obediant
1969 1258 2093 1290 rectori
2119 1258 2263 1290 ducatus
2283 1267 2346 1299 pro

733 1310 934 1348 expellendo
965 1309 1138 1341 Ludovico
1169 1309 1300 1341 Bavaro
1329 1310 1365 1341 in
1393 1311 1601 1342 Patrimonio
1626 1311 1666 1343 B.
1693 1311 1787 1343 Petri
1817 1312 1853 1342 in
1882 1311 2007 1343 Tuscia
2037 1310 2231 1351 (Adversari,
2258 1313 2284 1344 t.
2314 1313 2346 1350 1,

757 1386 764 1393 .
780 1364 839 1394 162
850 1363 875 1393 ¹³.

732 1372 753 1403 p
777 1364 915 1445 4248)7.
935 1434 973 1439 —
992 1416 1150 1456 Epistula
1170 1417 1301 1448 occulta
1315 1417 1458 1448 Joannis
1480 1418 1580 1449 XXII
1599 1419 1641 1449 ad
1659 1418 1795 1459 leqatum
1811 1418 2007 1450 Lombardiae
2025 1419 2065 1450 de
2083 1419 2127 1450 iis
2143 1427 2217 1459 quae
2234 1419 2346 1452 Guido

733 1470 774 1501 de
793 1470 948 1510 Corrigia
971 1470 1040 1509 ipsi
1063 1470 1198 1500 locutus
1220 1470 1330 1502 fuerat
1351 1480 1453 1510 super
1478 1471 1622 1503 materia
1648 1472 1763 1503 Canis.
1787 1490 1827 1495 —
1847 1472 1933 1504 Item
1951 1473 1992 1504 de
2018 1472 2181 1504 electione
2196 1467 2343 1513 impera-

731 1524 828 1555 toris.
846 1541 884 1546 ——
898 1524 984 1554 Item
1000 1524 1040 1554 de
1057 1524 1289 1555 custodiendis
1305 1524 1516 1556 Alexandria
1530 1527 1562 1556 et
1578 1526 1734 1557 Terdona
1751 1525 1947 1558 civitatibus
1964 1525 2144 1566 (lustrum.)

778 1574 915 1607 42488.
935 1595 972 1600 -
991 1577 1277 1608 Commendatitia
1292 1578 1475 1617 epistula'J
1478 1578 1598 1609 oannis
1619 1579 1720 1610 XXII
1737 1579 1779 1610 ad
1795 1579 1969 1620 capitulum
1984 1578 2130 1619 qenerale
2148 1579 2346 1611 Bononieme

734 1630 768 1661 O.
792 1631 835 1662 M.
857 1639 916 1670 pro
934 1631 1038 1661 fratre
1053 1631 1166 1667 Helia,
1183 1631 1338 1662 ministro
1354 1631 1559 1671 Aquitaniae,
1578 1641 1682 1671 super
1698 1632 1939 1664 reformatione
1957 1633 2098 1664 ordinis.
2117 1632 2293 1673 (Instrum.)

776 1685 787 1697 '
798 1680 936 1713 42489.
961 1701 999 1705 -
1014 1683 1200 1719 Ludovicus,
1218 1684 1429 1714 Romanorum
1441 1685 1626 1725 imperator,
1645 1685 1823 1716 constituit
1841 1685 2009 1716 Joannem
2029 1686 2070 1717 dc
2083 1686 2262 1724 Genduno,
2278 1687 2345 1718 Re·

732 1738 862 1768 mensis
877 1737 936 1774 di„
952 1746 1056 1767 sacrae
1072 1737 1250 1777 theologiae
1271 1737 1455 1775 doctorem,
1474 1738 1708 1769 consiliarium
1726 1747 1840 1773 suum,
1860 1739 1896 1769 in
1914 1739 2111 1779 episcopum
2128 1739 2209 1771 eccl.
2227 1740 2345 1771 Ferra-

732 1790 868 1821 riensis.
890 1789 1050 1828 (Armario
1075 1789 1148 1825 XV,
1166 1799 1262 1831 capsa
1292 1790 1344 1827 VJ,
1363 1799 1396 1820 n.
1415 1792 1476 1827 515
1495 1791 1644 1828 Riezler,
1676 1790 1893 1822 Vatilcanisclze
1917 1791 2031 1830 Aleten,
2050 1801 2083 1832 p.
2100 1793 2172 1830 375,
2193 1802 2225 1824 n.
2245 1793 2344 1829 100ss

731 1843 890 1879 Theiner,
911 1843 1016 1874 Codex
1033 1843 1263 1884 diplomaticus,
1279 1845 1303 1874 t.
1325 1843 1350 1881 Ι,
1369 1853 1401 1883 p.
1420 1845 1493 1882 556,
1512 1853 1545 1875 n.
1566 1844 1795 1884 DCCXXIX.)

776 2002 914 2034 42490.
933 2023 974 2028 —
991 2004 1149 2044 Epistula
1163 2005 1295 2036 occulta
1308 2005 1329 2035 J
1331 2005 1452 2035 oannis
1469 2005 1571 2036 XXII
1585 2005 1627 2036 ad
1641 2004 1777 2046 legatum
1795 2005 1990 2036 Lombardt'ae
2004 2006 2044 2037 de
2064 2005 2152 2038 facto
2165 2006 2343 2037 Paduano-

730 2067 807 2090 rum
822 2060 855 2090 et
875 2059 915 2089 de
933 2058 1120 2089 ordinando
1140 2060 1267 2089 rectore
1282 2058 1488 2098 Campaniae.
1507 2058 1685 2098 (Instrum.)

776 2109 913 2140 42491.
932 2129 969 2134 -
985 2112 1184 2142 Mandatum
1201 2112 1240 2142 de
1255 2112 1418 2151 capiendo
1434 2111 1635 2143 Michaelem
1647 2112 1687 2144 de
1703 2113 1844 2148 Cesena,
1858 2121 1947 2153 mag.
1963 2113 2157 2153 generalem
2167 2113 2206 2145 Ο.
2223 2113 2263 2144 F.
2281 2113 2342 2151 M..

730 2165 869 2197 fratrem
889 2165 1129 2204 Bonagratiam
1151 2168 1183 2195 et
1205 2165 1247 2195 fr.
1268 2165 1494 2197 Guillelmum
1512 2166 1621 2197 Okam
1640 2165 1833 2206 Anglicum,
1853 2166 1913 2206 qui
1925 2166 1967 2198 ad
1986 2167 2155 2198 Bavarum
2169 2175 2205 2197 se
2223 2167 2341 2198 contu-

729 2219 853 2250 lerunt.
874 2218 1050 2257 (instrum.)

776 2269 912 2301 42492.
928 2290 965 2294 -
984 2272 1181 2302 Mandatum
1205 2272 1433 2302 substituendi
1456 2281 1689 2304 successorem
1712 2273 1914 2305 marescallo
1933 2272 2090 2304 Marchiae
2106 2273 2341 2304 Anconitanae.

730 2325 904 2364 (lustrum.)

775 2376 913 2408 42493.
932 2397 970 2401 -
987 2379 1130 2410 Joannis
1151 2379 1252 2410 XXII
1276 2378 1370 2409 bulla
1387 2380 1553 2410 adversus
1569 2378 1750 2410 Michaelem
1765 2379 1802 2411 de
1826 2379 1954 2418 Cesena,
1971 2379 2044 2411 olim
2059 2379 2233 2421 generalem
2252 2379 2286 2411 0.
2303 2379 2341 2410 F.

728 2433 771 2463 M.
776 2455 786 2471 ,
804 2432 1033 2471 Bonaqratiam
1048 2437 1076 2462 et
1094 2431 1293 2463 Guillelmum
1310 2431 1434 2469 Ocham,
1451 2432 1584 2473 ejusdem
1600 2433 1679 2469 ord„
1693 2435 1856 2473 tanquam
1877 2433 2043 2465 hereticos
2059 2435 2092 2464 et
2111 2433 2262 2465 fautores
2275 2433 2342 2465 Lu·

730 2485 840 2516 dovici
860 2486 992 2516 Bavari.
1011 2485 1186 2523 (lustrum.)
1393 2484 1397 2489 ⁴

775 2535 914 2568 42494.
932 2557 970 2560 -
997 2539 1126 2569 Littera
1154 2538 1286 2569 occulta
1311 2539 1454 2570 Joannis
1472 2540 1575 2570 XXII
1593 2540 1635 2570 ad
1663 2539 1799 2580 leqatum
1822 2540 2016 2571 Lombardiae
2043 2540 2084 2571 de
2109 2540 2343 2571 custodiendis

729 2591 938 2622 Alexandria
954 2593 987 2622 et
1005 2592 1161 2622 Terdona
1176 2591 1383 2623 civitatibus.
1399 2592 1575 2632 (Instrum.)

773 2640 936 2674 ‘'42495.
953 2662 991 2667 —
1009 2644 1165 2684 Alphonsi
1181 2645 1226 2683 II,
1245 2645 1326 2685 reqis
1341 2645 1535 2686 Araqonum,
1554 2647 1719 2677 statutum
1741 2646 1782 2677 de
1802 2646 1935 2677 clericis
1951 2646 1993 2677 ad
2009 2646 2121 2677 officia
2136 2646 2273 2686 publica
2293 2647 2341 2678 ta-

729 2698 936 2730 bellionatus
953 2699 986 2729 et
1004 2698 1072 2729 alia
1089 2707 1157 2729 non
1171 2698 1401 2736 assumendis,
1421 2699 1462 2730 de
1478 2708 1576 2738 poena
1600 2699 1698 2730 laicis
1719 2708 1878 2730 coronam
1897 2699 2089 2731 clericalem
2109 2699 2342 2731 deferentibus

729 2752 915 2792 infligenda
932 2753 964 2782 et
988 2751 1059 2782 illis
1083 2752 1142 2791 qui
1167 2760 1270 2791 super
1292 2751 1396 2783 rebus
1419 2752 1460 2783 ad
1484 2752 1760 2792 jurisdictionem
1783 2753 1913 2792 regiam
1936 2752 2187 2792 pertinentibus
2209 2752 2342 2792 judices

730 2805 856 2837 adeunt
873 2805 1124 2836 ecclesiasticos
1136 2804 1170 2835 in
1187 2803 1335 2843 civitate,
1353 2805 1435 2836 villa
1451 2806 1505 2836 vel
1520 2805 1594 2836 loco
1610 2806 1703 2845 regni
1722 2806 1900 2838 Valentiae.
1918 2805 2078 2844 (Ar-mario
2096 2805 2230 2844 XXXV,
2248 2808 2273 2837 t.
2290 2806 2341 2843 10,

728 2858 752 2890 f.
769 2859 828 2890 168
844 2858 884 2897 ¹³.)

773 2907 788 2924 v
801 2908 937 2941 42496.
955 2930 993 2935 -
1008 2910 1165 2953 Alphonsi
1183 2911 1228 2948 II,
1245 2912 1326 2952 reqis
1341 2911 1534 2952 magonam,
1554 2912 1719 2944 statutum
1736 2913 1824 2952 quod
1841 2912 2030 2944 deferentes
2047 2911 2186 2943 bladum
2201 2912 2255 2944 vel
2272 2912 2338 2944 vic·

728 2965 836 2996 tualia
853 2965 895 2996 ad
920 2965 1093 2996 civitatem
1119 2964 1288 2996 Valent-iae
1313 2974 1381 2996 non
1404 2966 1538 3005 possint
1565 2965 1652 3005 capi,
1668 2965 1737 2997 nisi
1760 2966 1830 2997 sint
1853 2965 2061 3006 principales
2086 2965 2257 2997 debitores
2284 2966 2342 2997 aut

729 3018 977 3049 malefactores,
998 3018 1157 3056 (Armario
1175 3017 1308 3056 XXXV,
1327 3020 1352 3049 t.
1370 3020 1419 3054 10,
1437 3028 1468 3058 p.
1490 3020 1548 3050 169
1564 3018 1605 3058 b.)
