2560 3476
0 1554 16 1992 ζ

221 411 326 438 Datum
345 405 529 439 Avenione.

245 618 282 645 21
303 621 386 645 mart.
407 618 497 647 1328.
544 634 547 636 ·

257 665 314 696 (111
331 663 392 690 kal.
408 663 486 699 apr.)

309 707 339 734 T.
358 707 430 734 XIV.

330 777 367 805 Ut
385 786 409 805 s.

278 822 309 849 T.
330 822 377 856 XI,
394 822 466 850 XIII.

332 989 367 1017 Ut
384 998 408 1017 s.

276 1034 307 1061 T.
323 1034 370 1066 XI,
390 1035 462 1062 XIII.

329 1256 364 1283 Ut
384 1265 408 1284 s.

270 1299 300 1327 T.
323 1300 369 1333 XI,
389 1301 462 1330 XIII.

330 1468 365 1495 Ut
381 1477 405 1495 s.

319 2106 356 2134 Ut
374 2115 398 2135 s.

261 2150 291 2178 T.
310 2151 382 2185 XIII,
400 2151 458 2179 XV.

325 2427 359 2454 Ut
380 2436 404 2454 s.

266 2470 295 2497 T.
318 2471 364 2504 XI,
381 2471 452 2499 XIII.

322 2586 356 2614 Ut
373 2596 397 2615 s.

268 2630 299 2659 Τ.
314 2631 361 2665 XI,
379 2632 452 2660 XIII.

320 2799 356 2826 Ut
376 2808 399 2826 s.

266 2843 296 2869 T.
317 2843 363 2876 XI,
380 2844 451 2871 XIII.

588 319 762 350 JOANNIS
786 319 904 350 PAPAE
925 320 1028 366 XXII.
1053 322 1301 359 (1316-1334).
1323 338 1362 342 —
1384 321 1570 351 LITTERAE
1593 320 1822 352 COMMUNESv
2159 323 2219 354 207

616 513 704 545 chid.
722 514 763 544 de
780 513 976 544 Belvacinio
995 513 1186 551 Belvacen.,
1212 515 1245 545 et
1269 514 1398 545 cantori
1423 523 1450 545 s.
1480 514 1574 545 Petri
1599 514 1796 546 Puellarum
1819 514 2052 552 Aurelianen„
2073 523 2110 546 ac
2127 523 2215 554 mag.

562 581 564 583 v
615 566 781 606 Folqueto
794 566 834 597 de
851 566 995 605 Tavaco,
1014 575 1086 597 can.
1103 567 1288 598 Bituricen.
1306 567 1386 598 6661.
1406 568 1460 608 (A.
1476 569 1526 604 30,
1545 567 1568 599 f.
1586 569 1644 599 150
1660 567 1692 605 ¹³3
1716 567 1751 599 V.
1769 569 1820 603 86,
1839 577 1892 608 ep.
1911 569 2017 607 1400.)

659 616 795 648 40732.
813 638 850 642 -
866 620 1000 660 Ro9erio
1016 630 1086 661 ep.o
1101 620 1309 651 Lemovicemi
1321 621 1463 652 facultas
1482 621 1723 652 reconciliandi
1737 630 1797 661 per
1809 621 1927 659 alium,
1942 630 2050 661 usque
2067 622 2108 652 ad
2119 621 2220 652 trien-

615 673 722 708 nium,
747 673 909 704 ecclesias
932 675 964 704 et
988 674 1178 705 coemeteria
1200 674 1324 705 violata
1349 683 1488 705 suarum
1511 674 1603 705 civit.
1622 676 1655 705 et
1682 675 1727 706 di.
1760 675 1811 714 (A.
1840 676 1890 712 30,
1918 675 1940 705 f.
1969 676 2026 706 145
2048 674 2078 711 ¹³,
2110 675 2143 705 V.
2166 676 2218 712 86,

615 734 667 766 ep.
688 727 792 764 1406.)

658 775 795 809 40733.
812 795 850 801 -
868 779 961 809 Petro
978 779 1014 809 de
1032 778 1173 820 Capella,
1189 783 1263 810 nato
1279 779 1436 811 Guillelmi
1449 779 1486 810 de
1504 779 1647 822 Capella,
1665 789 1762 820 prov.
1778 789 1898 812 canon.
1915 781 1979 813 sub
1997 790 2093 821 exsp.
2112 781 2215 821 praeb.

613 832 693 863 eccl.
710 832 940 863 EbroicensiS.
962 848 1000 854 —
1015 833 1040 864 Ι.
1058 842 1086 864 e.
1109 841 1155 863 m.
1172 842 1259 872 mag.
1279 833 1464 865 Guillelmo
1484 834 1607 870 Amici,
1622 834 1854 871 Aurelianen„
1869 835 1901 865 et
1922 834 2031 865 Heliae
2047 835 2216 866 Tranche-

613 894 703 930 serp,
726 884 925 922 Bituricen„
952 894 989 916 ac
1007 885 1193 917 Guillelmo
1216 886 1362 923 Roandi,
1383 886 1556 918 Redonen.
1575 896 1647 918 can.
1671 887 1752 918 6661.
1771 887 1825 926 (Α.
1843 889 1893 926 30,
1921 887 1944 918 f.
1969 889 2027 918 148
2044 893 2073 925 ³3
2104 887 2139 919 V.
2166 889 2218 925 86,

614 947 667 978 ep.
685 939 790 978 1407.)

657 988 793 1021 40734.
811 1010 849 1015 ——
866 991 965 1022 Heliae
987 991 1197 1032 Trenclzeserp
1221 993 1328 1032 gratia
1345 1001 1441 1032 exsp.
1458 992 1571 1024 benef.
1589 1002 1616 1024 c.
1637 1002 1678 1029 6.,
1698 994 1832 1025 etiamsi
1854 994 2061 1034 archipresb.
2081 995 2215 1031 existat,

611 1045 653 1076 ad
669 1045 782 1076 collat.
802 1045 870 1084 ep.i
889 1045 1127 1082 Lemovicen.;
1156 1054 1223 1090 non
1251 1045 1337 1077 obst.
1359 1046 1394 1077 in
1417 1046 1601 1077 Bituricen.
1620 1049 1653 1078 et
1680 1047 1721 1078 de
1745 1047 1895 1086 Capella,
1917 1048 2130 1079 Lemovicen.
2157 1049 2217 1084 di.,

611 1098 691 1129 6661.
710 1107 827 1129 canon.
845 1100 878 1130 et
899 1098 1003 1138 praeb.
1020 1117 1058 1122 -
1078 1099 1105 1130 I.
1130 1108 1160 1130 e.
1178 1108 1222 1130 m.
1240 1099 1352 1130 abbati
1370 1101 1515 1131 monast.
1535 1100 1576 1130 de
1594 1100 1771 1140 Ageduno,
1790 1101 2004 1132 Lemovicen.
2025 1101 2084 1137 di.,
2103 1104 2135 1133 et
2151 1110 2217 1133 ma-

610 1151 728 1191 gistris
757 1151 935 1183 Rainaudo
964 1152 1005 1183 de
1029 1152 1204 1192 Ageduno,
1229 1153 1458 1190 Lemovicen,
1477 1161 1515 1184 ac
1539 1153 1724 1185 Guillelmo
1744 1154 1867 1189 Amici,
1891 1154 2110 1186 Aurelianen.
2140 1163 2213 1186 can.

610 1205 690 1236 6661.
709 1205 760 1244 (Α.
779 1206 832 1242 30,
849 1205 872 1236 f.
892 1195 996 1241 1481);
1021 1205 1057 1236 V.
1075 1207 1126 1242 86,
1144 1214 1196 1245 ep.
1213 1207 1319 1244 1408)

653 1254 790 1287 40735.
809 1275 848 1280 -
871 1257 1009 1299 Golferio
1026 1258 1063 1289 de
1082 1258 1281 1298 Arfoilleria,
1304 1259 1420 1289 rectori
1436 1259 1567 1301 paroch.
1592 1259 1662 1290 eccl.
1686 1259 1723 1290 de
1746 1259 1871 1297 Pradis,
1897 1260 2028 1291 Vauren.
2044 1260 2086 1292 di.
2093 1269 2214 1300 ,prov.

609 1320 727 1343 canon.
745 1311 808 1343 sub
832 1320 928 1352 exsp.
947 1311 1048 1351 praeb.
1068 1313 1148 1343 eccl.
1175 1313 1393 1344 Lemovicen.
1409 1330 1448 1335 —
1472 1313 1498 1344 Ι.
1518 1322 1546 1344 6.
1566 1321 1610 1344 m.
1632 1313 1708 1344 abb
1734 1315 1878 1344 monast.
1899 1314 1939 1345 de
1959 1314 2135 1354 Ageduno,
2159 1315 2216 1345 Le-

608 1365 772 1396 movicen.
791 1365 851 1401 di.,
867 1367 899 1396 et
918 1374 1006 1405 mag.
1028 1365 1214 1397 Guillelmo
1232 1366 1355 1403 Amici,
1370 1366 1604 1404 Aurelianen.‚
1625 1376 1662 1397 ac
1678 1367 1786 1398 Heliae
1806 1367 1846 1398 de
1862 1367 2106 1408 Trancheserp,
2125 1368 2216 1399 Bitu-

607 1418 711 1449 ricen.
727 1418 807 1449 eccl.
828 1419 1010 1450 canonicis.
1027 1419 1081 1459 (A.
1096 1420 1148 1456 30,
1164 1419 1187 1450 f.
1207 1421 1265 1451 148
1282 1418 1315 1457 b;
1337 1419 1369 1450 V.
1387 1421 1440 1457 86,
1456 1428 1509 1460 ep.
1527 1420 1632 1459 1413.)

651 1468 789 1500 40736.
809 1489 847 1494 —-
861 1472 987 1502 Decano
1002 1476 1031 1502 et
1046 1472 1168 1503 cantori
1184 1472 1256 1503 eccl.
1276 1472 1432 1504 Nicosien.
1453 1474 1566 1504 mand.
1583 1475 1620 1504 ut
1635 1474 1774 1513 Paysio,
1798 1482 1890 1504 mon.
1908 1475 2052 1505 monast.
2071 1483 2097 1505 s.
2116 1474 2217 1505 Geor·

607 1524 654 1564 gii
670 1525 711 1555 de
727 1525 906 1564 Mangana,
923 1534 1028 1565 prope
1049 1526 1236 1564 Nicosiam‚
1255 1526 1292 1558 Ο.
1316 1526 1349 1558 S.
1371 1527 1424 1564 B„
1439 1527 1581 1566 justitiae
1598 1527 1885 1566 complementum
1907 1527 2089 1558 exhibeant
2112 1536 2214 1567 super

608 1586 647 1609 eo
668 1579 770 1617 quod,
793 1587 869 1610 cum
898 1579 980 1610 olim
1007 1579 1212 1616 Germanus,
1237 1579 1342 1611 abbas
1366 1581 1448 1611 dicti
1474 1581 1685 1617 monasterii,
1711 1589 1771 1619 per
1800 1581 2010 1620 archiep.um
2036 1581 2208 1612 Nicosien.

608 1631 650 1662 ab
666 1632 739 1671 ejus
763 1632 1057 1663 administratione
1082 1642 1270 1672 suspensus
1288 1635 1321 1664 et
1345 1633 1436 1664 idem
1455 1633 1603 1673 Paysius
1621 1642 1805 1664 economus
1827 1635 1858 1665 et
1879 1634 2133 1665 administrator
2155 1635 2214 1665 bo-

608 1693 728 1716 norum
752 1685 863 1724 ipsius
887 1687 1085 1717 monasterii
1103 1687 1284 1725 deputatus
1302 1687 1437 1723 fuisset,
1456 1688 1488 1717 et
1505 1687 1722 1726 postmodum
1737 1687 1897 1726 praefatus
1921 1687 2024 1718 abbas
2047 1687 2179 1718 litteras
2194 1697 2213 1718 a

606 1738 700 1777 Papa
716 1738 920 1770 obtinuisset
943 1741 980 1770 ut
1001 1739 1092 1770 idem
1114 1740 1262 1779 Paysius
1279 1740 1320 1771 de
1338 1740 1445 1779 gestis
1467 1741 1499 1771 et
1522 1740 1771 1771 administratis
1792 1749 1853 1779 per
1874 1749 1952 1771 eum
1967 1741 2077 1780 primo
2097 1750 2213 1771 coram

606 1790 639 1820 b.
663 1799 709 1820 m.
729 1791 841 1828 Petro,
866 1792 1055 1831 patriarcha
1077 1793 1368 1828 Jerosolimitan0‚
1397 1794 1428 1823 et
1455 1795 1574 1832 postea
1603 1801 1715 1824 coram
1738 1793 1886 1832 Paphen.
1916 1795 1948 1825 et
1971 1795 2210 1834 Famagustan.

607 1844 694 1884 ep.is
710 1846 884 1875 teneretur
905 1845 1045 1876 reddere
1066 1845 1242 1882 rationem,
1266 1845 1397 1885 praefati
1421 1846 1489 1885 epi
1509 1846 1666 1877 eumdem
1693 1846 1859 1886 Paysium
1886 1847 1926 1877 de
1948 1856 2091 1883 camera,
2110 1857 2212 1887 quam

606 1899 827 1928 consueverat
843 1897 966 1929 habere
991 1898 1026 1930 in
1049 1901 1194 1930 monast.
1214 1899 1384 1938 praedicto,
1403 1899 1572 1938 ejecerunt
1595 1899 1693 1939 eique
1710 1908 1877 1938 expensas
1893 1909 1953 1939 pro
1970 1902 2120 1940 tempore
2141 1901 2212 1932 red-

605 1950 705 1981 dendi
725 1951 891 1982 rationem
913 1951 1107 1991 hujusmodi
1128 1961 1189 1983 nec
1215 1952 1366 1983 fecerunt
1387 1960 1447 1983 nec
1470 1952 1598 1983 faciunt
1623 1953 1823 1989 ministrari,
1842 1953 1995 1992 quinimo
2019 1953 2125 1984 libros
2150 1963 2211 1985 seu

606 2004 788 2034 cartularia
805 2006 1040 2044 computorum
1057 2014 1196 2036 suorum
1215 2006 1326 2036 eidem
1342 2006 1555 2036 abstulerunt
1572 2007 1604 2037 et
1619 2006 1708 2045 apud
1725 2015 1761 2037 se
1779 2006 1991 2037 retinuerunt
2011 2007 2160 2046 patentia
2179 2009 2211 2039 et

605 2059 732 2096 aperta.
750 2057 801 2096 (Α.
819 2059 871 2094 30,
890 2058 911 2088 f.
930 2059 985 2088 141
1004 2058 1034 2095 ¹³5
1058 2058 1094 2089 V.
1111 2060 1162 2096 86,
1181 2068 1232 2098 ep.
1254 2060 1357 2097 1415.)

649 2107 785 2139 40737.
805 2129 842 2133 --
862 2110 1038 2142 Raimundo
1066 2111 1226 2150 Catoroni,
1248 2122 1331 2143 mon.
1355 2117 1488 2143 monast.
1506 2112 1728 2148 Psalmodien„
1747 2112 1780 2144 O.
1809 2112 1842 2144 S.
1868 2113 1921 2150 B.,
1940 2113 2122 2144 Nemausen.
2151 2113 2208 2152 di.,

605 2164 740 2195 collatio
759 2165 928 2204 prioratus
948 2166 983 2196 B.
1004 2166 1048 2197 M.
1063 2166 1102 2196 de
1123 2166 1237 2202 Costa,
1253 2166 1333 2197 dicti
1349 2167 1434 2203 ord„
1454 2167 1576 2206 Apten.
1594 2167 1654 2203 di.,
1669 2167 1876 2198 monasterio
1892 2176 1918 2197 s.
1934 2167 2087 2205 Eusebii‚
2107 2168 2207 2198 dicto-

605 2226 680 2248 rum
695 2218 765 2249 ord.
787 2219 819 2249 et
844 2219 905 2254 di.,
922 2219 1117 2250 immediate
1146 2219 1299 2259 subjecti,
1320 2222 1352 2250 et
1376 2228 1435 2258 per
1453 2220 1605 2259 ejusdem
1628 2221 1786 2256 monast„
1806 2220 1848 2251 ad
1863 2221 1951 2260 quod
1970 2229 2005 2251 se
2024 2221 2209 2252 transferre

604 2272 747 2308 tenetur,
764 2271 841 2311 gub.
860 2272 963 2308 soliti,
981 2281 1053 2303 vac.
1072 2281 1132 2312 per
1158 2273 1404 2312 promotionem
1423 2273 1601 2305 Guillelmi
1626 2274 1668 2304 ad
1692 2273 2038 2318 abbatiam,ejusdem
2063 2277 2206 2306 monast.

604 2333 630 2355 s.
649 2324 800 2356 Eusebii.
819 2343 856 2347 —
872 2326 898 2356 I.
917 2334 945 2357 e.
962 2334 1006 2357 m.
1023 2326 1229 2357 Avenionen.
1249 2328 1281 2357 et
1297 2327 1574 2365 Carpentoraten.
1589 2327 1793 2366 praepositis,
1810 2336 1847 2358 ac
1862 2327 2046 2359 Guillelmo
2057 2328 2207 2365 Lanceae,

603 2377 710 2417 ejusd.
732 2379 941 2409 Avenionen.
961 2388 1032 2410 can.
1052 2379 1131 2410 eccl.
1151 2380 1202 2417 (A.
1224 2381 1274 2416 30,
1293 2380 1315 2410 f.
1337 2381 1394 2410 147
1413 2379 1442 2415 b;
1468 2379 1500 2411 V.
1520 2381 1570 2417 86,
1589 2389 1640 2420 ep.
1662 2381 1766 2418 1418.)

648 2427 784 2460 40738.
805 2450 834 2454 -
857 2432 1001 2462 Artaudo
1019 2432 1056 2462 de
1074 2432 1207 2470 Paredo,
1224 2438 1298 2463 nato
1309 2433 1442 2464 Joarmis
1456 2433 1492 2463 de
1506 2433 1640 2470 Paredo,
1659 2443 1754 2473 prov.
1771 2442 1889 2465 canon.
1908 2434 1971 2464 sub
1991 2443 2086 2473 exsp.
2103 2434 2205 2473 praeb.

604 2484 683 2514 eccl.
704 2485 898 2516 AEduensis.
915 2502 954 2507 —
969 2486 995 2516 I.
1018 2494 1046 2517 e.
1065 2495 1110 2516 m.
1126 2487 1166 2516 de
1190 2487 1337 2517 Auziaco
1353 2490 1385 2517 et
1408 2495 1434 2517 s,
1458 2487 1605 2518 Raconis
1622 2487 1805 2526 prioribus,
1828 2487 1972 2518 AEduen.
1989 2487 2048 2524 di.,
2067 2496 2104 2518 ac
2122 2487 2207 2518 Mar-

602 2538 674 2567 tino
689 2537 729 2567 de
750 2537 988 2576 Chalanconio,
1002 2548 1074 2570 can.
1093 2539 1265 2570 Vivarien.
1286 2540 1338 2579 (A.
1364 2541 1415 2576 30,
1436 2540 1457 2571 f.
1477 2541 1535 2571 236
1553 2540 1583 2577 b,
1606 2540 1642 2571 V.
1663 2542 1714 2577 86,
1729 2549 1782 2580 ep.
1803 2541 1908 2579 1502.)

649 2587 785 2620 40739.
806 2609 844 2613 -
865 2591 1028 2622 Guillelmo
1049 2592 1086 2623 de
1111 2592 1251 2632 Capella,
1271 2597 1345 2623 nato
1369 2593 1529 2624 Guillelmi
1549 2593 1586 2623 de
1608 2593 1747 2634 Capella,
1765 2602 1858 2633 prov.
1886 2602 2003 2624 canon.
2028 2593 2091 2624 sub
2109 2602 2202 2631 exsp.

604 2644 705 2683 praeb.
726 2645 806 2675 6661.
826 2645 1073 2683 Constantien.,
1102 2647 1282 2686 provinciae
1302 2647 1546 2687 Rothomagen.
1566 2665 1603 2669 -
1619 2647 1645 2677 Ι.
1666 2655 1694 2678 6.
1722 2656 1766 2677 m.
1785 2647 1898 2678 abbati
1922 2648 2066 2677 monast.
2085 2655 2113 2676 s.
2134 2646 2205 2676 Tri-

604 2697 720 2728 nitatis
739 2698 779 2728 de
797 2698 963 2738 Exaquio,
982 2699 1215 2731 constantien.
1232 2701 1291 2736 di.,
1309 2702 1341 2731 et
1366 2709 1475 2740 magg.
1492 2700 1677 2732 Guillelmo
1694 2700 1816 2735 Amici,
1838 2700 2068 2734 Aurelianen„
2084 2708 2122 2730 ac
2136 2699 2204 2730 He-

603 2749 657 2781 liae
673 2751 915 2790 Traucheserp,
934 2752 1118 2783 Bituricen.
1138 2762 1210 2784 can.
1228 2753 1309 2784 eccl.
1326 2753 1379 2792 (A.
1400 2755 1449 2791 30,
1465 2754 1486 2783 f.
1506 2755 1566 2784 239
1579 2753 1607 2789 b;
1635 2753 1670 2784 V.
1689 2754 1739 2789 86,
1757 2761 1809 2791 ep.
1829 2753 1933 2791 1514.)

648 2800 782 2833 40740.
801 2822 840 2827 -
857 2805 1044 2836 Eberhardo
1063 2805 1100 2836 de
1123 2806 1291 2844 Hirzhorn,
1309 2817 1379 2836 can.
1399 2806 1535 2847 praeben.
1556 2806 1627 2836 eccl.
1651 2805 1865 2846 Herbipolen„
1885 2814 1978 2845 prov.
1998 2813 2115 2836 canon.
2140 2805 2202 2836 sub

603 2864 698 2896 exsp.
726 2857 828 2895 praeb.
848 2858 926 2889 eccl.
952 2859 1230 2890 Wormatiensis.
1253 2877 1291 2882 —
1310 2860 1337 2891 Ι.
1357 2868 1385 2890 e.
1414 2868 1457 2891 m.
1478 2859 1647 2898 archiep.o
1671 2859 1871 2898 Maguntin.‚
1891 2860 1923 2889 et
1941 2859 2065 2888 decano
2085 2859 2119 2888 in
2140 2858 2201 2889 As·

603 2909 841 2949 chaffemburg‚
865 2911 1051 2951 Maguntin.
1070 2912 1131 2949 di.,
1149 2921 1186 2944 ac
1211 2921 1298 2952 mag.
1315 2913 1455 2943 Nicolao
1471 2913 1512 2943 de
1537 2912 1679 2949 Fractis‚
1698 2920 1770 2942 can.
1798 2911 1988 2948 Patracen„
2008 2911 2072 2942 litt.
2092 2913 2200 2950 apost.

561 2980 562 2983 =
603 2963 796 2994 correctori.
814 2963 869 3003 (A.
885 2966 936 3001 31,
951 2964 973 2995 f.
990 2966 1008 2994 3
1026 2964 1054 3001 ¹³3
1080 2965 1113 2995 V.
1129 2966 1180 3001 86,
1197 2974 1248 3004 ep.
1271 2966 1375 3004 1548.)
