2606 3490
208 482 311 509 Datum
344 477 369 509 A
377 475 529 509 venione.

196 691 232 719 10
251 692 293 724 (vi
309 690 363 725 id.)
378 694 434 718 oct.
456 691 544 719 1327.

300 736 330 762 Τ.
353 736 437 763 xxn.

330 1173 367 1201 Ut
386 1181 411 1200 s.

280 1218 311 1245 Τ.
331 1218 376 1251 XI,
394 1217 465 1245 XIII.

334 1495 370 1522 Ut
391 1503 414 1522 s.

302 1539 334 1566 T.
353 1539 436 1566 XXII.

209 1979 243 2005 Η
262 1981 291 2011 (v
309 1978 361 2011 id.)
378 1981 432 2004 oct.
455 1976 542 2004 1327.

308 2023 339 2049 Τ.
357 2022 440 2049 ΧΧΧ.

338 2245 373 2272 Ut
390 2253 414 2272 s.

301 2291 331 2318 T.
356 2290 451 2317 XXVI.

340 2513 375 2540 Ut
393 2521 416 2539 s.

281 2557 312 2584 T.
332 2557 391 2590 xli,
406 2557 476 2584 XIV.

343 2831 378 2858 Ut
398 2839 422 2858 s.

317 2876 347 2902 Ἰ“.
370 2875 451 2902 XXX.

349 3044 383 3071 Ut
404 3052 427 3070 s.

333 3089 363 3114 T.
382 3089 437 3115 XX.

582 389 756 420 JOANNIS
780 390 899 421 PAPAE
921 391 1023 421 XXII.
1048 392 1297 430 (1316-1334).
1320 410 1358 414 —
1382 391 1568 421 LITTERAE
1592 387 1818 422 COMMUNES
2180 392 2219 422 35

614 584 639 615 I.
657 593 686 615 e.
703 594 747 615 m.
765 585 891 616 decano
907 584 1153 624 Engolismen„
1172 585 1205 615 et
1222 583 1406 614 Benedicto
1421 583 1461 614 de
1483 583 1631 619 Paston.‚
1648 583 1828 620 Exonien.,
1848 591 1885 613 ac
1905 582 2060 614 Wiberto
2079 583 2119 614 de
2142 584 2221 614 Lut-

614 638 750 674 tulton.‚
767 638 917 670 W'ellen.
933 647 1005 669 can.
1025 638 1105 669 eccl.
1126 637 1178 675 (A.
1194 638 1246 674 29,
1266 637 1289 668 f.
1306 638 1367 668 452
1385 642 1413 674 ⁸3
1438 637 1473 667 V.
1489 637 1540 671 85,
1561 645 1612 676 ep.
1633 638 1719 674 643.)

659 688 797 721 30049.
814 710 852 714 -
867 691 954 732 Ep.o
967 691 1097 728 Nolam,
1113 695 1142 720 et
1158 690 1272 721 decano
1289 690 1484 727 Atrebatem,
1506 699 1541 720 ac
1558 690 1737 731 primicerio
1760 689 1921 730 Capuanae
1938 689 2010 720 eccl.
2031 690 2143 720 mand.
2161 699 2222 729 pro

613 745 727 776 collat.
747 745 826 776 eccl.
844 753 871 776 s.
893 745 986 776 Petri
1012 745 1053 775 de
1067 735 1229 784 Caynano
1253 753 1282 775 s.
1299 753 1327 774 0.
1345 753 1382 775 ac
1397 744 1607 774 decimarum
1624 743 1816 774 debitarum
1832 743 1874 773 ab
1890 743 2088 774 hominibus
2106 746 2137 774 et
2154 743 2222 774 feu-

614 798 667 829 dis
684 798 848 829 casalium
870 807 898 828 s.
916 797 1119 838 Archangeli
1135 799 1167 828 et
1188 797 1337 829 Cassolae
1360 797 1495 828 clericis
1510 796 1733 828 saecularibus
1752 797 1787 827 in
1810 805 1904 836 perp.
1922 796 2033 828 benef.
2054 797 2223 836 assignari

615 853 866 889 consuetarum,
890 852 1057 883 Aversan.
1080 851 1140 887 di.,
1161 853 1212 889 (24
1233 859 1309 882 unc.
1335 850 1422 889 auri)
1444 859 1505 890 per
1527 851 1766 882 uxorationem
1788 850 1926 882 Girardi
1949 851 1990 881 de
2012 851 2122 890 Haya,
2142 850 2222 881 cler.

614 905 841 936 Tornacensis
857 905 916 942 di.,
938 905 1076 944 propter
1091 904 1259 935 diutinam
1275 904 1485 935 vacationem
1504 904 1592 944 apud
1613 904 1646 935 S.
1666 904 1706 935 A.
1724 913 1811 940 vac„
1828 904 1972 935 Andreae
1988 904 2167 943 Pasquerii
2184 904 2224 935 de

615 958 786 995 Saissino3
808 967 875 989 non
896 958 984 989 obst.
1001 959 1036 989 in
1064 958 1222 990 Civitatis
1249 959 1381 991 Sanctae
1405 958 1523 989 Mariae
1542 958 1718 995 decanatu,
1737 959 1770 989 et
1795 967 1915 989 canon.
1941 966 1978 988 ac
1999 957 2114 997 praeb.,
2137 959 2169 989 et
2190 958 2225 989 in

615 1021 641 1043 s.
659 1012 780 1052 Angeli
797 1012 838 1042 de
860 1012 966 1052 Lycio
984 1013 1058 1043 ets.
1079 1012 1203 1052 Angeli
1227 1012 1262 1043 in
1287 1012 1399 1043 Monte
1419 1012 1521 1049 Sorae,
1546 1012 1725 1043 Marsican.
1745 1013 1778 1042 et
1801 1012 1920 1043 Soran.
1945 1012 2004 1048 di.,
2026 1012 2226 1051 capellaniis

614 1074 709 1105 perp.
729 1066 761 1097 et
777 1065 812 1096 in
826 1065 1014 1096 Morinensi
1033 1066 1113 1097 eccl.
1132 1074 1251 1097 canon.
1263 1065 1327 1097 sub
1345 1074 1441 1106 exsp.
1459 1065 1562 1105 praeb.
1581 1067 1614 1097 et
1628 1065 1734 1105 dign„
1749 1066 1952 1105 personatus
1968 1066 2022 1096 vel
2038 1065 2091 1096 off.
2110 1066 2161 1104 (A.
2174 1067 2224 1102 30,

614 1119 637 1150 f.
657 1119 697 1150 48
711 1124 740 1155 ³;
760 1118 796 1150 V.
814 1120 866 1155 86,
882 1127 934 1159 ep.
954 1120 1057 1158 1186.)

660 1169 798 1202 30050.
818 1190 857 1195 —
872 1172 991 1203 loanni
1006 1172 1042 1203 de
1059 1173 1215 1211 stratton,
1235 1174 1314 1204 nato
1332 1173 1426 1204 Petri
1445 1173 1485 1204 de
1503 1173 1673 1209 Walcote,
1690 1173 1770 1204 cler.
1795 1172 2060 1204 Saresbiriensis
2077 1173 2135 1210 di.,
2155 1182 2229 1213 gra-

613 1226 663 1257 tia
677 1235 774 1266 exsp.
794 1225 905 1258 benef.
926 1226 1147 1258 ecclesiastici
1171 1236 1197 1257 c.
1217 1236 1244 1258 0.
1264 1226 1318 1258 vel
1340 1235 1368 1257 s.
1389 1236 1416 1258 c.
1440 1227 1492 1267 (15
1510 1227 1637 1258 march.
1660 1226 1790 1267 argenti
1813 1226 2000 1257 secundum
2022 1226 2228 1258 taxationem

614 1280 779 1318 decimae),
797 1280 839 1310 ad
859 1280 985 1319 prioris
1006 1284 1038 1311 et
1056 1289 1152 1311 conv.
1174 1281 1348 1320 prioratus
1373 1280 1414 1312 de
1438 1281 1578 1318 Lerves,
1604 1280 1842 1312 Cluniacensis
1860 1280 1945 1316 ord.‚
1964 1280 2150 1312 Cicestren.
2168 1280 2228 1318 di.,

615 1333 878 1373 dispositionem
892 1334 1017 1374 pertin.
1033 1351 1070 1356 —
1087 1334 1124 1365 In
1139 1343 1168 1365 e.
1182 1342 1226 1365 m.
1245 1343 1321 1373 ep.o
1339 1334 1558 1371 Cicestrensi,
1576 1336 1608 1365 et
1626 1343 1713 1374 mag.
1729 1334 1856 1365 Jacobo
1872 1334 1913 1365 de
1930 1334 2073 1371 Mutina,
2091 1334 2227 1365 scolast.

615 1387 764 1425 Tullen.‚
782 1396 854 1426 cap.
881 1388 962 1423 PP.,
981 1397 1019 1418 ac
1036 1388 1218 1420 Frederico
1241 1388 1282 1419 de
1300 1389 1435 1426 Parma,
1459 1397 1534 1419 can.
1555 1388 1830 1420 Autissiodoren.
1857 1387 1938 1419 eccl.
1965 1388 2019 1427 (A.
2036 1389 2087 1425 30,
2104 1388 2124 1419 f.
2144 1389 2180 1419 51
2200 1388 2229 1424 ὓς

621 1441 657 1472 V.
676 1442 727 1476 86,
741 1449 794 1479 ep.
810 1442 916 1479 1199.)

661 1491 800 1524 30051.
817 1512 856 1517 --
877 1494 992 1525 Abbati
1007 1496 1187 1526 monasterii
1205 1496 1375 1532 Amerien„
1395 1495 1571 1527 Ger-auden.
1584 1495 1642 1532 di.,
1660 1502 1687 1526 et
1702 1495 1845 1526 Arnaldo
1859 1495 1896 1526 de
1908 1495 2157 1533 Monterotundo,
2178 1495 2233 1526 Ge-

556 1550 559 1553 ⁴
616 1547 762 1586 runden„
780 1558 814 1578 ac
831 1548 1007 1579 Raimundo
1020 1548 1057 1579 de
1076 1549 1232 1585 Caslario,
1258 1550 1362 1580 Vicen.
1381 1560 1450 1580 can.
1466 1550 1553 1586 eccl„
1566 1550 1678 1581 mand.
1699 1551 1736 1580 ut
1751 1549 1978 1581 Bertrandum
1994 1550 2035 1580 de
2051 1549 2233 1589 Podioper-

617 1602 789 1639 dinarum,
808 1602 956 1642 priorem
978 1603 1151 1642 prioratus
1167 1603 1200 1636 S.
1218 1604 1263 1635 M.
1282 1604 1323 1635 de
1340 1603 1445 1641 Flisc‚
1464 1604 1503 1635 O.
1523 1603 1556 1635 S.
1575 1604 1628 1641 Β.,
1646 1604 1829 1635 Dertusen.
1847 1603 1907 1642 di.,
1927 1603 2052 1643 injure
2071 1603 2232 1636 canonico

616 1656 778 1694 peritum,
796 1656 1007 1687 transferant
1025 1665 1042 1688 e
1063 1657 1273 1688 monasterio
1289 1666 1317 1687 s.
1339 1657 1433 1688 Petri
1455 1657 1495 1688 de
1515 1657 1706 1689 Bisulduno
1723 1657 1766 1688 ad
1783 1658 1931 1688 monast.
1951 1657 2133 1696 Rivipulli,
2151 1656 2234 1688 dicti

618 1709 705 1747 ord.‚
723 1709 919 1741 Gerunden.
938 1712 970 1741 et
986 1710 1104 1741 Vicen.
1129 1711 1190 1748 di.,
1207 1711 1306 1750 eique
1322 1711 1500 1742 reservent
1515 1710 1718 1750 prioratum,
1731 1710 1786 1742 vel
1800 1710 1855 1742 off.
1874 1719 1935 1742 seu
1951 1710 2078 1748 benef„
2090 1719 2117 1741 c.
2135 1719 2163 1741 c.
2179 1710 2233 1742 vel

618 1771 645 1794 s.
664 1771 705 1798 c.‚
723 1763 757 1794 in
776 1763 915 1803 praefato
941 1763 1150 1795 monasterio
1174 1763 1358 1803 Rivipulli,
1380 1772 1440 1803 per
1458 1764 1531 1804 ejus
1550 1773 1640 1795 mon.
1658 1763 1737 1804 gub.
1761 1764 1921 1801 solitum;
1941 1764 2087 1804 supplic.
2113 1763 2233 1796 abbate

619 1816 723 1847 istius
740 1817 940 1848 monasterii
968 1817 1023 1848 cui
1044 1817 1192 1848 multum
1217 1817 1308 1848 idem
1329 1817 1538 1849 Bertrandus
1563 1817 1661 1848 utilis
1689 1826 1766 1849 esse
1785 1819 1898 1857 potest
1904 1828 1913 1854 3
1938 1826 2015 1848 cum
2034 1817 2135 1849 facul.
2154 1817 2234 1849 reti-

621 1870 722 1901 nendi
739 1870 867 1902 dictum
888 1870 1078 1910 prioratum
1101 1871 1135 1903 S.
1155 1871 1199 1902 M.
1224 1879 1402 1911 quousque
1419 1871 1534 1911 vigore
1559 1871 1738 1911 praesentis
1761 1871 1878 1911 gratiae
1900 1871 2100 1911 prioratum,
2119 1871 2231 1902 benef.

619 1932 680 1954 seu
699 1924 753 1954 off.
773 1923 969 1963 hujusmodi
987 1925 1130 1964 adeptus
1148 1925 1263 1956 fuerit.
1284 1925 1337 1964 (A.
1356 1926 1406 1963 30,
1425 1924 1447 1956 f.
1468 1926 1528 1956 240
1545 1930 1572 1962 =;
1599 1924 1632 1956 V.
1651 1925 1702 1962 86,
1721 1933 1773 1965 ep.
1792 1926 1898 1963 1515.)

665 1974 803 2006 30052.
822 1995 862 2000 —
884 1977 1051 2019 Episcopis
1077 1977 1221 2010 Vasaten.
1238 1983 1267 2008 et
1291 1978 1429 2019 Aquam,
1448 1983 1541 2020 atque
1555 1978 1660 2009 abbati
1679 1983 1810 2009 monast.
1828 1978 1866 2009 de
1884 1979 1914 2009 la
1934 1979 2070 2016 Cascelli,
2090 1978 2230 2011 Aduren.

619 2030 676 2066 di.,
693 2031 806 2063 mand.
824 2040 885 2071 pro
903 2031 1073 2063 solutione
1093 2033 1172 2064 1600
1186 2032 1260 2064 ssor.
1279 2033 1354 2063 auri
1371 2042 1390 2063 a
1404 2033 1519 2072 Lappo
1533 2033 1644 2071 Ruspi
1660 2033 1881 2070 Bovellaseti,
1897 2033 2028 2064 Ghucio
2045 2033 2232 2073 Speciari0‚

620 2084 727 2116 Paulo
742 2085 908 2125 Rotgerii‚
924 2085 1089 2116 Silvestro
1099 2085 1243 2117 ,Ioannis
1257 2087 1289 2117 et
1306 2086 1473 2118 Machatio
1490 2086 1661 2124 Machatii,
1678 2086 1936 2124 mercatoribus,
1949 2087 2080 2118 civibus
2097 2086 2234 2118 Floren-

619 2138 715 2173 tinis,
734 2138 924 2170 Romanam
939 2139 1078 2170 Curiam
1094 2139 1332 2179 sequentibus,
1347 2140 1611 2171 olimmutuatis
1627 2139 1659 2171 b.
1677 2149 1721 2171 m.
1740 2140 1961 2177 Anessantio,
1976 2149 2052 2180 ep.o
2069 2141 2233 2178 Aduren.,

620 2200 679 2232 per
695 2192 862 2232 quosdam
878 2193 1064 2233 sacrilegos
1079 2193 1262 2224 crudeliter
1277 2183 1494 2233 interempto.
1516 2194 1572 2234 (A.
1586 2195 1637 2230 29,
1656 2194 1679 2224 f.
1702 2195 1759 2225 123
1776 2194 1804 2231 ¹¹;
1829 2194 1864 2225 V.
1883 2195 1935 2232 85,
1956 2203 2009 2234 ep.
2027 2194 2094 2233 86.)

665 2243 804 2276 30053.
822 2264 861 2269 -
880 2245 921 2277 Ν.
941 2256 980 2277 m.
997 2246 1184 2287 Marqaretae
1197 2246 1327 2277 ducissoe
1350 2247 1505 2278 Bavariae.
1526 2247 1692 2278 Statuitur
1714 2247 1928 2279 confessores
1950 2248 2151 2279 interdicere
2168 2257 2234 2280 non

620 2298 742 2330 debere
762 2300 828 2339 ipsi
849 2308 910 2331 nec
929 2299 1003 2340 ejus
1022 2300 1162 2332 familiae
1179 2300 1404 2332 Eucharistiae
1424 2303 1675 2332 sacramentum
1693 2303 1831 2341 propter
1846 2302 2061 2333 extorsiones
2078 2302 2233 2333 collecta·

621 2362 696 2384 rum
712 2355 745 2384 et
760 2353 906 2384 aliarum
920 2354 1136 2385 exactionum
1155 2363 1216 2385 seu
1230 2354 1464 2386 theloneorum
1478 2355 1665 2394 quaejussu
1677 2355 1818 2386 Henrici
1832 2355 1928 2386 ducis
1943 2356 2108 2393 Bavariae,
2125 2356 2235 2395 ipsius

620 2406 698 2444 viri,
716 2406 802 2437 fiunt
819 2407 855 2438 in
873 2407 1028 2446 partibus
1044 2407 1117 2438 illis
1133 2417 1274 2448 quaeque
1291 2408 1367 2448 ipsa
1384 2418 1399 2438 «
1416 2408 1557 2439 honeste
1573 2408 1680 2439 vitare
1697 2417 1763 2439 non
1779 2410 1892 2448 potest
1914 2418 1941 2444 »,
1959 2408 2108 2440 instante
2121 2410 2234 2441 Eliza-

621 2460 700 2491 beth
718 2460 835 2500 regina
851 2461 1036 2498 Bohemiae,
1054 2461 1150 2492 illius
1165 2463 1286 2492 matre.
1304 2462 1358 2501 (A.
1376 2463 1428 2499 29,
1446 2461 1468 2492 f.
1487 2463 1546 2493 205
1564 2461 1594 2498 b;
1621 2461 1654 2491 V.
1671 2463 1722 2497 85,
1744 2471 1796 2502 ep.
1817 2463 1904 2501 181.)

668 2510 805 2542 30054.
822 2530 860 2535 —-
877 2514 1006 2549 Joanni,
1025 2519 1097 2545 nato
1114 2514 1154 2544 cl.
1169 2524 1224 2546 me.
1252 2514 1439 2545 Wenc‘zeslai
1456 2515 1538 2555 reqis
1553 2515 1718 2551 Boltemiae,
1735 2524 1839 2555 praep.
1859 2515 1940 2547 eccl.
1960 2516 2232 2556 wissegraden.‚

623 2567 767 2607 Pragen.
786 2567 845 2603 di.,
864 2567 986 2599 indult.
1003 2568 1043 2599 de
1059 2568 1289 2607 percipiendis
1305 2568 1475 2599 fructibus
1490 2569 1643 2599 omnium
1657 2569 1768 2600 benef.
1787 2577 1926 2600 suorum
1939 2569 1980 2600 ad
1997 2569 2183 2600 triennium
2201 2570 2235 2600 in

623 2620 738 2660 aliquo
756 2629 874 2652 eorum
895 2620 1087 2658 residendo,
1107 2621 1237 2652 consid.
1253 2621 1431 2653 Elisabeth
1447 2622 1571 2662 reginae
1592 2622 1762 2653 Bohemiae
1780 2622 1877 2662 cujus
1898 2624 1951 2654 est
1970 2622 2085 2653 frater.
2102 2640 2140 2645 -—
2155 2623 2182 2654 I.
2203 2632 2231 2654 e.

624 2683 668 2704 m.
685 2683 712 2704 s.
725 2674 934 2705 Emerammi
951 2674 1188 2712 Ratisbonen„
1201 2677 1233 2706 et
1249 2675 1290 2706 de
1303 2675 1498 2715 Aularegia,
1510 2676 1653 2715 Pragen,
1665 2676 1723 2710 di.,
1737 2676 2024 2707 monasteriorum
2041 2675 2233 2712 abbatibus,

625 2736 662 2758 ac
680 2735 768 2767 mag.
786 2727 927 2759 Nicolao
955 2728 996 2759 de
1022 2728 1167 2766 Fractis,
1190 2728 1257 2759 litt.
1274 2730 1383 2768 apost.
1411 2729 1604 2766 correctori,
1632 2738 1704 2760 can.
1733 2729 1906 2760 Patracen.
1931 2729 1982 2767 (A.
2009 2731 2060 2766 29,
2080 2729 2103 2759 f.
2127 2730 2188 2759 232
2203 2729 2233 2767 ¹³3

630 2780 667 2811 V.
680 2781 731 2816 85,
751 2789 804 2820 ep.
821 2781 908 2821 207.)

670 2830 808 2862 30055.
827 2851 866 2856 -
883 2833 996 2864 Eidem
1013 2834 1165 2874 dispens.
1183 2844 1287 2875 super
1305 2835 1437 2866 defectu
1455 2836 1634 2873 natalium,
1648 2844 1724 2866 cum
1741 2836 1787 2866 sit
1800 2836 1840 2866 de
1854 2836 1895 2866 01.
1913 2844 1977 2866 me.
1995 2836 2233 2871 Wenczeslao,

627 2894 704 2926 rege
719 2886 903 2922 Bohemiae,
923 2887 1100 2928 conjugato
1119 2889 1255 2929 genitus
1270 2890 1303 2919 et
1320 2889 1509 2928 conjugata,
1525 2891 1558 2920 et
1575 2897 1678 2928 super
1694 2888 2010 2927 incompatibilitate
2026 2888 2236 2928 pluralitatis

628 2939 882 2978 beneficiorum,
900 2941 1030 2972 consid.
1057 2941 1235 2973 Elizabeth
1259 2942 1384 2981 reginae
1409 2942 1591 2976 Bohemiae‚
1614 2942 1743 2973 sororis
1768 2942 1889 2981 ipsius,
1915 2943 1952 2972 ut
1976 2950 2078 2972 unam
2103 2951 2130 2973 0.
2157 2951 2184 2973 0.
2204 2944 2237 2974 et

628 2992 714 3022 alias
730 3000 757 3023 s.
778 3001 806 3023 0.
825 2993 1009 3033 dignitates
1026 2994 1179 3026 obtinere
1198 2995 1320 3026 valeat.
1344 2995 1396 3034 (A.
1413 2997 1463 3034 29,
1482 2995 1503 3026 f.
1521 2996 1582 3026 227
1599 2994 1628 3031 ¹¹3
1655 2995 1690 3026 V.
1706 2996 1756 3031 85,
1774 3003 1827 3034 ep.
1845 2995 1930 3034 226.)

675 3042 811 3074 30056.
828 3065 866 3069 -
882 3046 1046 3078 Elizabetlz
1059 3048 1172 3088 req-inae
1192 3048 1343 3078 Bohemiae
1359 3048 1480 3079 indult.
1501 3050 1538 3078 ut
1557 3049 1762 3079 monasteria
1785 3048 1984 3079 monialium
2002 3048 2074 3080 ord.
2094 3049 2234 3082 Cisterc.

616 3086 759 3129 ¹intrare
776 3099 895 3138 possit.
915 3099 967 3140 (A.
986 3101 1036 3135 29,
1053 3101 1075 3131 f.
1094 3102 1155 3132 286
1171 3101 1200 3137 ¹³3
1225 3101 1257 3132 V.
1274 3102 1325 3139 85,
1343 3110 1396 3141 ep.
1412 3103 1497 3139 331.)
