2606 3490
350 366 390 396 28

381 457 485 484 Datum
503 449 688 485 Avenione.

351 561 370 590 5
387 562 435 595 (111
452 561 535 595 non.)
551 562 605 588 oct.
629 557 719 587 4327.

445 606 477 634 T.
494 605 540 638 xl,
555 604 627 632 XIII.

495 828 532 856 Ut
551 836 575 855 s,

443 874 473 901 T.
491 873 537 905 ΧΙ,
554 872 626 901 XIII.

495 1042 532 1071 Ut
551 1050 576 1071 s.

438 1087 469 1115 r.
487 1087 546 1123 xil,
563 1086 633 1113 xiv.

498 1471 534 1498 Ut
553 1479 577 1499 s.

436 1516 467 1544 Τ.
489 1515 549 1549 XII,
569 1514 639 1545 XIV.

498 1792 534 1819 Ut
554 1801 576 1819 s.

449 1837 478 1864 T.
495 1837 541 1871 XI,
560 1836 630 1863 XIII.

500 2006 535 2034 Ut
553 2014 576 2033 s.

447 2052 478 2078 T.
495 2052 542 2084 xl,
562 2052 634 2078 XIII.

501 2275 536 2302 Ut
556 2284 578 2302 s.

448 2320 479 2348 T.
498 2320 544 2352 XI,
564 2320 634 2348 xm.

503 2542 538 2570 Ut
559 2551 583 2571 s.

451 2586 482 2613 T.
498 2586 543 2618 XI,
560 2587 631 2614 XIII.

374 2915 393 2943 ⁶·
408 2914 443 2950 (11
457 2916 538 2949 non.)
555 2921 607 2945 oct.
629 2917 716 2945 1327.

472 2961 501 2987 T.
521 2961 615 2989 XXIV.

1913 0 1917 2 ·
1955 6 1970 11 ..
1987 0 2381 28 '‘“vvssffilwsswffssssfflwwff„t
2396 21 2402 32 ,

747 358 920 392 JOANNIS
943 357 1062 390 PAPAE
1084 356 1186 388 XXII.
1211 357 1462 396 (1316-1334).
1485 372 1524 378 —
1546 353 1735 385 LITTERAE
1757 353 1984 386 COMMUNES

825 550 960 583 29979.
978 570 1015 575 —
1032 550 1180 582 Ratherio
1196 550 1232 581 de
1249 549 1418 589 Bellofortc‘
1429 547 1538 588 gratia
1553 555 1649 586 exsp.
1666 545 1777 578 benef.
1793 546 1983 578 ecclesiast.
1999 555 2028 579 c.
2047 556 2076 580 c.
2092 548 2147 581 vel
2162 550 2202 587 (s.
2218 557 2246 581 c.
2266 550 2308 582 50
2322 549 2346 581 l.
2361 551 2386 582 t.

779 606 987 648 parvorum),
1015 606 1057 637 ad
1079 605 1146 645 ep.i
1169 605 1346 636 Caturcen.
1367 601 1630 641 dispositionem
1655 599 1777 640 pertin.
1792 609 1802 636 ;
1830 608 1897 631 non
1914 600 2002 632 obst.
2020 609 2139 634 canon.
2167 604 2201 634 et
2226 603 2330 643 praeb.
2352 604 2389 635 in

779 662 861 693 eccl.
887 662 1034 693 Vauren.
1061 677 1098 682 —-
1115 659 1143 690 1.
1162 667 1190 689 e.
1213 666 1258 688 m.
1278 656 1484 688 Athanacen.
1514 653 1729 693 Lugdunen.,
1751 654 1784 685 et
1809 661 1837 685 S.
1863 653 1974 694 Sergii
1992 655 2025 686 et
2047 654 2152 687 Bachi
2168 656 2387 697 Andegaven.

780 716 922 747 monast.
938 713 1129 748 abbatibus,
1148 721 1186 742 ac
1201 711 1307 751 priori
1327 718 1353 740 s.
1375 707 1515 740 Martini
1537 707 1578 748 de
1595 707 1735 747 Campis
1751 707 1920 739 Parisien.
1939 707 1994 746 (A.
2018 710 2070 745 29,
2088 709 2114 740 f.
2136 710 2197 741 238
2218 709 2248 747 »ς
2278 710 2314 742 V.
2335 711 2387 749 85,

780 778 832 809 ep.
851 769 938 806 218.)

824 819 964 852 29980.
994 838 1032 843 -
1055 818 1188 851 Ger-aldo
1210 817 1247 848 de
1268 816 1422 853 Torondo,
1440 814 1513 846 cler.
1536 814 1703 846 Caturcen.
1733 814 1791 852 di.,
1817 815 1926 855 gratia
1940 824 2036 856 exsp.
2063 815 2176 848 benef.
2197 817 2388 850 ecclesiast.

781 885 807 907 c.
825 885 852 907 c.
871 875 936 914 (vel
953 884 980 905 s.
998 883 1026 905 c.
1042 875 1081 905 50
1099 874 1122 903 l.
1140 873 1192 912 t.),
1209 872 1249 902 ad
1273 870 1340 910 ep.i
1365 869 1517 900 Electen.
1536 869 1797 908 dispositionem
1818 869 1944 908 pertin.
1963 886 2003 891 —
2024 870 2050 901 Ι.
2069 878 2100 901 e.
2123 878 2169 902 m.
2193 869 2308 903 abbati
2321 879 2391 904 mo·

781 931 868 960 nast.
891 938 937 960 ss.
962 928 1057 968 Sergi
1075 928 1107 958 et
1125 925 1227 957 Baebi
1249 925 1481 963 Andegaven„
1501 924 1535 954 et
1560 922 1669 962 priori
1693 931 1721 954 s.
1748 922 1888 954 Martini
1911 922 1952 954 de
1979 923 2120 963 Campis
2147 923 2330 963 Parisien„
2353 933 2391 957 ac

782 983 953 1015 Montaldo
969 980 1139 1017 Balduini,
1158 987 1229 1010 can.
1247 979 1396 1009 Vauren.
1416 977 1468 1015 (A.
1485 977 1535 1014 29,
1559 976 1582 1007 f.
1600 977 1659 1008 246
1675 975 1689 998 b
1706 977 1738 1008 et
1751 977 1812 1008 258
1828 981 1858 1014 *ς
1881 976 1918 1008 V.
1938 977 1990 1013 85,
2010 985 2063 1016 ep.
2081 977 2170 1018 263.)

827 1034 963 1066 29981.
977 1054 1013 1059 -
1030 1033 1208 1065 Hominidei
1219 1033 1255 1063 de
1266 1032 1454 1072 Papazuris.
1467 1030 1504 1062 de
1520 1030 1612 1067 Urbe,
1627 1039 1723 1071 prov·
1736 1031 1872 1071 paroch.
1885 1031 1966 1063 eccl.
1982 1040 2010 1062 s.
2027 1031 2215 1063 salvatoris
2225 1032 2391 1072 Capuan„

782 1100 857 1122 cum
881 1088 1148 1129 dependentibus
1169 1089 1201 1118 et
1225 1086 1368 1117 annexis
1392 1094 1453 1116 seu
1470 1085 1626 1125 capelliS‚
1656 1093 1716 1124 per
1741 1085 2010 1125 resignationem
2037 1093 2126 1126 mag.
2151 1085 2328 1118 Laurentii
2351 1085 2393 1118 de

782 1145 978 1180 Antiniano,
999 1144 1031 1175 S.
1058 1143 1098 1174 A.
1125 1150 1211 1180 cap..
1230 1140 1400 1177 vacantis;
1417 1148 1484 1170 non
1502 1138 1590 1170 obst.
1615 1139 1651 1169 in
1677 1139 1912 1177 Lateranensi,
1935 1139 2144 1176 Nicosiensi,
2167 1139 2393 1180 Agrigentin„

781 1198 954 1230 Siclinien.
973 1198 1005 1227 et
1020 1197 1053 1227 S.
1072 1196 1117 1227 Μ.
1137 1195 1176 1226 de
1191 1194 1318 1231 ArIcia,
1339 1193 1568 1224 Tornacensis
1588 1195 1621 1224 et
1636 1192 1844 1224 Albanensis
1860 1193 1920 1230 di.,
1936 1201 2056 1224 canon.
2083 1195 2116 1224 et
2138 1193 2342 1233 praebendis,
2359 1193 2394 1225 et

783 1253 816 1283 in
832 1261 859 1282 s.
877 1250 1014 1282 Martini
1029 1251 1063 1280 in
1078 1249 1311 1287 Guatzalungo
1325 1248 1365 1278 de
1377 1247 1469 1278 Pisis
1483 1247 1631 1287 quodam
1647 1255 1742 1287 perp.
1761 1246 1937 1284 beneficio,
1955 1239 2043 1278 acin
2056 1247 2255 1279 Aretinensi
2271 1255 2392 1279 canon.

783 1306 845 1337 sub
861 1314 956 1344 exsp.
977 1303 1079 1343 praeb.
1100 1304 1132 1333 et
1146 1303 1256 1342 dign.;
1279 1303 1434 1332 cassatur
1458 1302 1572 1332 autem
1589 1301 1699 1341 gratia
1718 1309 1813 1340 exsp.
1835 1300 2014 1341 dignitatis
2036 1300 2116 1333 eccl.
2135 1301 2269 1332 Aretin.
2293 1317 2333 1323 -
2354 1300 2395 1332 In

782 1369 810 1391 e.
830 1368 873 1390 m.
889 1367 975 1398 mag.
991 1357 1113 1389 Joanni
1130 1357 1169 1387 de
1186 1356 1389 1395 Columpna,
1406 1355 1582 1387 Vivarien.
1602 1354 1744 1389 archid..
1757 1355 1822 1385 PP.
1842 1354 1986 1391 notario,
2002 1355 2034 1386 et
2047 1363 2151 1394 praep.
2168 1354 2392 1392 Avinionen„

782 1422 820 1444 ac
835 1412 981 1444 Henrico
996 1412 1036 1442 de
1052 1410 1250 1446 Antiniano,
1267 1418 1340 1440 can.
1359 1409 1511 1448 Capuan.
1531 1408 1765 1440 ecclesiarum.
1784 1407 1835 1446 (Α.
1853 1409 1904 1446 29,
1922 1408 1945 1439 f.
1961 1409 2022 1440 283
2037 1407 2067 1444 ῖς
2089 1407 2126 1440 V.
2139 1409 2195 1446 85,
2211 1417 2264 1448 ep.
2281 1409 2367 1448 305.)

826 1463 962 1495 29982.
979 1482 1016 1487 -
1027 1464 1139 1495 Eidem
1153 1472 1246 1503 prov.
1259 1463 1339 1495 eccl.
1359 1463 1392 1494 S.
1411 1463 1456 1494 M.
1475 1463 1516 1493 ad
1532 1462 1677 1494 Salitum
1691 1462 1923 1501 Neapolitan„
1939 1470 2015 1493 cum
2033 1461 2240 1502 quibusdam
2255 1461 2396 1502 petiolis

782 1522 881 1551 terrae
898 1518 1110 1550 laboratoriae
1131 1517 1167 1547 in
1190 1517 1417 1556 Neapolitana
1436 1516 1481 1547 di.
1503 1515 1700 1547 constitutis
1721 1516 1822 1556 atque
1841 1516 1988 1556 quadam
2008 1515 2076 1546 alia
2095 1515 2224 1555 petiola
2240 1516 2340 1547 terrae
2358 1515 2396 1546 in

782 1574 904 1613 palude
922 1581 1026 1612 prope
1053 1570 1244 1610 Neapolim,
1267 1571 1300 1601 et
1327 1579 1404 1601 cum
1423 1578 1535 1601 annuo
1563 1570 1699 1601 redditu
1724 1570 1743 1600 2
1766 1569 1944 1600 unciarum
1963 1569 2003 1600 de
2028 1569 2161 1600 decima
2179 1577 2292 1600 annua
2310 1568 2393 1600 eccl.

781 1627 1026 1666 Neapolitanae,
1051 1634 1092 1656 ex
1118 1625 1248 1664 capella
1272 1624 1435 1655 Tintoriae
1459 1623 1674 1663 Neapolitan.
1698 1623 1891 1654 debitarum
1907 1625 1939 1654 et
1956 1623 2091 1654 clericis
2114 1622 2339 1654 saecularibus
2359 1621 2397 1654 in

783 1681 893 1712 benef.
914 1689 1006 1720 perp.
1027 1679 1195 1719 assignari
1212 1678 1465 1716 consuetarum,
1484 1679 1522 1708 ut
1540 1686 1567 1709 s.
1584 1677 1751 1708 vacantis.
1768 1696 1805 1700 —
1825 1677 1864 1708 In
1884 1686 1913 1708 e.
1937 1685 1983 1707 m.
2002 1678 2039 1708 ut
2059 1685 2087 1708 s.
2105 1676 2158 1716 (A.
2175 1678 2228 1714 29,
2247 1676 2270 1708 f.
2289 1677 2352 1708 286
2364 1681 2395 1714 “;

789 1735 824 1766 V.
843 1735 893 1772 85,
915 1743 966 1774 ep.
985 1735 1070 1771 306.)

827 1785 965 1818 29983.
984 1807 1022 1811 -
1039 1787 1184 1824 Νίεοῑαο,
1200 1791 1274 1817 nato
1292 1786 1387 1816 Pauli
1405 1785 1549 1827 Capaciae
1565 1784 1602 1816 de
1612 1785 1822 1826 Ραρραιτινίε,
1832 1785 1946 1816 collat.
1963 1792 2082 1816 canon.
2096 1783 2160 1815 sub
2175 1792 2270 1824 exsp.
2290 1783 2395 1824 praeb.

783 1851 842 1873 seu
861 1842 1028 1882 portionis
1043 1842 1124 1873 eccl.
1143 1841 1314 1872 Tiburtin.
1326 1858 1366 1863 —
1379 1840 1405 1871 I.
1420 1848 1448 1871 e.
1467 1848 1513 1870 m.
1530 1848 1619 1879 mag.
1635 1840 1760 1870 Joanni
1775 1839 1816 1870 de
1834 1838 2038 1878 Columpna,
2054 1838 2182 1869 archid.
2203 1837 2396 1876 Vivarien.,

782 1899 850 1927 not.
881 1896 965 1931 PP..
993 1897 1025 1927 et
1052 1895 1166 1927 abbati
1189 1896 1336 1926 monast.
1358 1903 1386 1925 s.
1404 1894 1505 1925 Pauli
1532 1894 1573 1924 de
1590 1893 1695 1931 Urbe,
1714 1901 1752 1924 ac
1773 1901 1876 1932 praep.
1897 1892 2143 1923 Avinionensis
2162 1892 2244 1924 eccl.
2271 1892 2324 1930 (A.
2342 1893 2394 1930 29,

782 1950 805 1981 f.
821 1952 880 1981 306
897 1955 927 1986 a;
953 1950 987 1981 V.
1006 1951 1056 1986 85,
1078 1958 1130 1989 ep.
1149 1949 1235 1988 334.)

827 2001 960 2033 29984.
987 2023 1024 2026 —
1054 2003 1213 2034 Ludovico
1236 2002 1273 2033 de
1299 2002 1450 2042 Granqz‘a,
1471 2000 1602 2032 Metensi
1624 2001 1785 2037 canonico,
1813 2009 1908 2040 prov,
1937 1999 2096 2031 cantoriae
2120 1999 2203 2031 eccl.
2232 1999 2398 2031 Metensis

782 2059 835 2098 (40
856 2059 878 2088 l.
897 2059 935 2096 t.)
954 2067 1030 2088 cum
1052 2057 1211 2088 omnibus
1236 2056 1454 2096 pertinentiis
1477 2055 1562 2092 suis,
1587 2064 1648 2095 per
1673 2055 1940 2094 resignationem
1957 2053 2137 2086 Bertrandi
2155 2053 2397 2085 Piedeschiaut

781 2113 817 2143 in
835 2112 993 2143 manibus
1009 2112 1102 2142 Petri
1122 2121 1148 2142 s.
1170 2113 1335 2143 Susannae
1353 2109 1467 2150 presb.
1486 2109 1576 2140 card.
1596 2109 1720 2139 factam
1744 2108 1909 2139 vacantis.
1928 2125 1966 2130 —
1980 2108 2019 2138 In
2042 2116 2072 2139 e.
2091 2116 2137 2139 m.
2160 2116 2188 2138 s.
2216 2107 2350 2138 Arnulfi
2365 2107 2397 2138 et

783 2175 810 2197 s.
828 2166 999 2198 Vincentii
1016 2166 1138 2197 Meten.
1163 2164 1448 2196 monasteriorum
1467 2162 1661 2200 abbatibus,
1679 2171 1717 2193 ac
1734 2171 1822 2202 mag.
1847 2162 1947 2193 Petro
1964 2161 2004 2192 de
2020 2161 2164 2201 Vigono,
2183 2169 2256 2192 can.
2275 2160 2397 2192 Tauri-

782 2221 892 2255 nensi,
908 2220 1008 2259 Papae
1025 2219 1196 2258 scriptori.
1217 2219 1269 2257 (A.
1284 2220 1336 2256 29,
1355 2218 1378 2248 f.
1396 2219 1455 2249 662
1474 2222 1504 2255 ἃς
1531 2216 1563 2248 V.
1586 2218 1637 2253 86,
1654 2225 1707 2255 ep.
1723 2217 1829 2251 1060.)

828 2271 963 2302 29985.
982 2290 1019 2295 -
1036 2273 1153 2304 Joamzi
1167 2272 1332 2314 Stephani,
1351 2272 1432 2303 olim
1445 2280 1516 2311 cap.
1535 2270 1588 2301 bo.
1610 2279 1675 2301 me.
1692 2269 1871 2301 Guillelmi
1887 2278 1915 2299 s.
1929 2268 2064 2308 Cyriaci
2081 2268 2116 2299 in
2132 2267 2268 2300 Termis
2280 2267 2396 2308 presb.

783 2328 887 2363 card,
903 2337 996 2367 prov,
1016 2336 1133 2358 canon.
1151 2327 1231 2358 eccl.
1251 2326 1439 2357 Ilerdensis
1464 2325 1528 2356 sub
1552 2333 1648 2364 exsp.
1672 2323 1775 2363 praeb.
1797 2331 1873 2354 cum
1898 2322 2142 2362 praestimoniis
2161 2324 2194 2354 et
2209 2322 2399 2362 praestimo-

783 2382 933 2412 nialibus
950 2381 1179 2421 portionibus3
1194 2390 1259 2412 non
1270 2381 1358 2411 obst.
1377 2388 1472 2419 perp.
1488 2378 1617 2410 vicaria
1632 2379 1713 2409 cccl.
1736 2378 1776 2408 de
1793 2377 1983 2414 Tamarico,
1997 2376 2143 2408 Ilerden.
2161 2376 2206 2407 di.
2218 2376 2290 2407 -Ι,
2304 2384 2333 2407 e.
2348 2385 2395 2408 m.

783 2436 889 2476 priori
907 2436 947 2466 de
963 2436 1089 2473 Vileto‚
1108 2435 1280 2474 Urgellen.
1300 2435 1360 2471 di.,
1378 2435 1410 2465 et
1431 2433 1530 2465 Gotio
1547 2433 1586 2463 de
1601 2431 1773 2469 Arimino,
1797 2431 1978 2466 palentin„
1998 2439 2035 2461 ac
2053 2430 2213 2462 Gisberto
2234 2429 2396 2466 Alhariti,

784 2490 955 2530 Urgellen.
976 2498 1047 2520 can.
1069 2489 1149 2520 eccl.
1169 2489 1223 2528 (A.
1240 2490 1291 2525 30,
1312 2489 1333 2519 f.
1353 2490 1411 2519 277
1429 2493 1457 2525 ⁸3
1480 2487 1514 2519 V.
1534 2488 1586 2524 86,
1604 2495 1656 2526 ep.
1676 2486 1781 2523 1644.)

828 2541 966 2573 29986.
985 2560 1023 2564 —
1041 2543 1124 2582 May.
1148 2543 1317 2573 Laurentio
1334 2542 1372 2573 de
1391 2541 1559 2575 Mesuillio‚
1579 2541 1657 2571 cler.
1679 2539 1796 2571 Karoli
1814 2539 1855 2570 R.
1876 2538 1915 2570 F.
1942 2539 1974 2569 et
1998 2538 2053 2575 N..
2077 2546 2172 2577 prov.
2193 2546 2312 2570 canon.
2332 2537 2397 2570 sub

786 2606 880 2636 exsp.
908 2596 1010 2636 praeb.
1039 2597 1118 2627 eccl.
1149 2597 1386 2632 Suessionen.;
1410 2604 1476 2626 non
1502 2595 1589 2626 obst.
1611 2594 1700 2633 quod
1724 2593 1759 2624 in
1787 2592 1868 2624 eccl.
1888 2601 1915 2623 S.
1940 2591 2096 2629 Quintini
2115 2591 2149 2622 in
2172 2591 2399 2623 Viromandis

786 2659 904 2682 canon.
924 2652 955 2681 et
973 2650 1089 2690 praeb.‚
1110 2660 1147 2681 ac
1166 2650 1300 2689 paroch.
1318 2650 1398 2681 eccl.
1424 2658 1450 2680 s.
1475 2649 1567 2680 Petri
1589 2649 1629 2679 de
1646 2647 1783 2682 Ruclio,
1801 2648 1833 2677 et
1848 2646 2046 2677 decanatum
2065 2645 2214 2676 ruralem
2231 2646 2273 2676 de
2290 2646 2399 2677 Evre·
2434 2644 2436 2646 ’

785 2705 910 2742 modio,
926 2704 1139 2739 Noviomen.‚
1159 2704 1326 2735 Parisien.
1345 2705 1378 2734 et
1393 2703 1639 2742 Rothomagen.
1654 2702 1713 2738 di.,
1728 2702 1761 2732 et
1777 2700 1958 2740 quamdam
1974 2708 2068 2739 perp.
2083 2699 2203 2739 capell.
2218 2699 2253 2730 in
2266 2698 2398 2738 capella

786 2758 878 2798 regia
891 2758 1080 2789 Parisiensi
1094 2757 1255 2794 obtineat,
1275 2767 1312 2788 ac
1332 2758 1367 2788 in
1386 2757 1466 2788 eccl.
1487 2756 1707 2787 Catalaunen.
1723 2755 1787 2785 sub
1803 2763 1899 2794 exsp.
1918 2753 2022 2793 praeb.
2040 2754 2128 2784 auct.
2146 2754 2256 2792 apost.
2271 2753 2305 2783 in
2323 2761 2397 2784 can.

786 2812 831 2842 sit
847 2814 1012 2851 receptus.
1035 2828 1072 2833 —
1088 2812 1114 2842 I.
1133 2820 1162 2841 e.
1186 2820 1230 2841 m.
1259 2812 1384 2842 decano
1410 2812 1443 2842 et
1471 2810 1597 2842 archid.
1619 2809 1659 2840 de
1681 2809 1822 2848 Josayo,
1846 2816 1883 2838 ac
1907 2807 2099 2838 succentori
2118 2807 2198 2837 eccl.
2225 2806 2394 2837 Parisien.

785 2865 839 2905 (A.
858 2867 906 2899 31,
927 2865 950 2895 f.
970 2866 1067 2902 148&
1090 2865 1126 2895 V.
1143 2866 1194 2898 87,
1213 2874 1264 2903 ep.
1281 2866 1389 2902 2876.)
1971 2895 1975 2898 Δ

831 2915 967 2947 29987.
991 2936 1030 2941 ——
1060 2918 1215 2949 Willelmo
1242 2919 1278 2948 de
1304 2917 1436 2959 Culplw,
1458 2918 1581 2948 rectori
1606 2916 1741 2956 paroch.
1768 2915 1850 2947 eccl.
1876 2915 1917 2946 de
1943 2915 2089 2952 stutton,
2114 2913 2307 2945 Norwicen.
2334 2912 2395 2950 di.,

788 2973 818 3010 (8
836 2971 896 3002 lib.
918 2972 1185 3011 sterlingorum),
1214 2980 1256 3002 ex
1277 2972 1389 3003 soluto
1417 2972 1530 3012 genito
1555 2972 1587 3002 et
1605 2971 1728 3005 soluta,
1755 2970 1906 3009 dispens
1933 2976 2036 3008 super
2060 2967 2193 2999 defectu
2216 2966 2396 3005 natalium,

787 3025 917 3056 consid.
934 3025 1092 3056 Isabellis
1109 3026 1232 3064 reginae
1252 3026 1392 3065 Angliae,
1412 3027 1448 3056 ut
1466 3025 1507 3056 ad
1523 3033 1640 3055 omnes
1657 3024 1794 3055 ordines
1812 3023 2006 3063 promoveri
2023 3023 2056 3054 et
2074 3021 2168 3052 aliud
2181 3020 2293 3052 benef.
2310 3019 2398 3051 obti-

788 3087 868 3109 nere
882 3079 1004 3110 valeat.
1023 3079 1076 3117 (A.
1095 3080 1147 3115 29,
1170 3079 1192 3110 f.
1212 3080 1270 3109 130
1284 3084 1314 3116 ⁸3
1338 3079 1374 3110 V.
1390 3079 1442 3116 85,
1462 3087 1514 3118 ep.
1532 3079 1598 3116 91.)
