2560 3476
323 312 383 344 35⁴

358 405 464 435 Datum
479 396 663 436 Avenione.

325 508 344 536 4
361 508 396 545 (11
416 509 500 543 non.)
518 516 585 542 aaa.
607 507 696 535 1328.

417 553 449 580 T.
468 553 514 587 xi,
534 552 606 580 x111.

471 721 506 748 Ut
527 729 550 747 s.

418 766 449 793 T.
467 766 513 797 XI,
530 765 602 792 XIII.

476 989 512 1016 Ut
529 996 554 1015 s.

411 1033 442 1062 T.
463 1032 509 1064 xl,
528 1033 602 1060 XIII.

351 1255 369 1284 5
385 1257 478 1291 (non.)
492 1263 559 1291 augy.
583 1255 670 1285 1328.

381 1623 411 1650 T.
430 1578 636 1657 XXIIJ'I7,8XXV1.

321 2221 340 2248 6
356 2221 425 2258 (vm
440 2221 495 2253 id.)
512 2230 579 2256 ααῃ.
601 2222 691 2250 4328.

406 2266 437 2294 Τ.
455 2266 515 2300 xu,
532 2266 602 2293 xiv.

469 2541 505 2569 Ut
525 2551 549 2569 s.

433 2587 464 2614 T.
483 2587 580 2614 XXIV.

322 2809 339 2836 7
361 2810 417 2843 (vu
434 2809 489 2846 id.)
509 2819 576 2845 aua.
602 2811 692 2840 4328.

434 2855 464 2882 T.
481 2856 576 2884 XXIV.

470 2970 505 2997 Ut
520 2979 543 2998 s.

427 3014 457 3041 T.
478 3015 584 3045 XXXII.

725 307 901 344 JOANNIS
924 310 1043 345 PAPAE
1065 310 1168 343 xxn.
1192 310 1442 353 (1316-1834).
1464 326 1504 333 -
1525 308 1713 341 LITTERAE
1735 308 1962 341 COMMUNES

801 503 938 535 42087.
958 523 995 528 -
1010 503 1174 545 Amliqolo,
1194 509 1268 535 nato
1290 503 1424 535 Joarmis
1447 503 1526 535 dicti
1546 503 1584 535 de
1600 503 1704 540 Sessa,
1720 513 1816 544 prov.
1833 513 1952 536 canon.
1968 504 2032 536 sub
2047 514 2143 546 exsp.
2162 505 2265 546 praeh.
2281 506 2363 539 eccl.

756 569 784 591 s.
799 559 939 592 Genesii
957 560 998 590 de
1013 559 1182 598 Dayrago,
1200 558 1425 589 Mediolanen.
1445 558 1492 589 di.
1509 576 1551 581 —
1566 559 1590 589 Ι.
1608 567 1636 589 6.
1655 567 1700 589 m.
1721 558 1833 590 abbati
1856 559 2055 590 monasterii
2078 560 2118 591 de
2137 559 2364 598 Morimundo,

755 614 789 644 et
804 621 908 653 praep.
926 612 967 643 de
982 611 1181 651 Patabiago,
1200 612 1426 643 Mediolanen.
1439 612 1499 649 di.,
1515 621 1553 643 ac
1563 611 1721 643 Goffredo
1737 611 1924 652 Spanzotae,
1942 621 2015 644 can.
2027 613 2269 654 Famagustan.
2281 614 2363 646 eccl.

754 667 809 706 (A.
827 668 878 703 31,
901 666 923 696 f.
944 667 1004 697 379
1022 665 1053 702 υ,
1075 665 1111 696 V.
1130 666 1182 701 ss,
1199 674 1252 704 ep.
1272 664 1376 705 3393.)
1596 659 1598 663 ’

801 717 938 749 42088.
956 737 993 742 -
1012 719 1217 756 Perraclzino,
1243 723 1316 748 nato
1335 717 1519 749 Emanuelis
1536 718 1574 749 de
1592 718 1694 754 Sessa,
1712 718 1838 750 similis
1854 719 1962 759 gratia
1977 719 2013 750 in
2033 719 2177 751 ecclesia
2194 729 2223 752 s.
2238 720 2365 753 Vitalis

755 774 796 804 de
813 774 902 813 Ripa
920 781 948 803 s.
966 772 1104 808 Vitalis,
1119 773 1260 804 Cuman.
1285 773 1347 808 di.;
1371 781 1435 803 non
1454 772 1543 804 obst.
1560 772 1596 803 in
1615 781 1642 804 S.
1662 772 1754 804 Petri
1771 772 1811 803 de
1825 773 1933 804 Cluno
1948 774 1982 804 et
1996 781 2025 805 s.
2041 773 2190 805 Victoris
2203 774 2245 806 de
2259 774 2364 806 Cano-

755 827 810 858 bio
826 827 920 866 eccl.‚
936 826 1163 857 Mediolanen.
1182 826 1241 862 di.,
1261 835 1379 858 canon.
1398 828 1432 857 et
1445 826 1548 866 praeb.
1564 844 1605 849 —
1619 826 1646 857 I.
1664 835 1693 857 e.
1714 835 1759 857 1n.
1779 827 1921 858 Cuman.
1941 828 1974 858 et
1992 826 2034 858 do
2049 827 2202 868 Lugano,
2219 828 2362 860 Cuman.

754 881 813 918 di.,
834 880 1027 920 archipr.is‚
1044 890 1082 912 ac
1103 880 1262 912 Goffredo
1279 880 1469 919 Spanzotae,
1489 889 1562 912 can.
1586 880 1829 920 Famagustan.
1848 880 1928 912 eccl.
1945 880 1998 921 (A.
2015 882 2066 918 31,
2088 880 2112 912 f.
2130 881 2192 912 380
2206 886 2236 918 ⁸5
2259 881 2295 913 V.
2311 882 2365 920 88,

754 943 807 974 ep.
826 935 932 973 3394.)
1617 947 1620 952 ·

734 1015 735 1021 ,
798 985 938 1016 42089.
958 1005 997 1010 -
1015 987 1197 1018 Parcivallo
1221 986 1258 1018 de
1275 987 1366 1018 Sessa
1391 995 1486 1027 prov,
1513 996 1632 1019 canon.
1657 986 1721 1019 sub
1736 995 1830 1027 exsp.
1855 987 1959 1027 praeb.
1983 987 2064 1019 eccl.
2088 996 2117 1019 s.
2139 987 2303 1028 Stephani
2322 988 2364 1021 de

753 1042 919 1077 Menasio,
940 1041 1168 1073 Mediolanen.
1188 1041 1252 1078 di.;
1279 1050 1345 1072 non
1367 1040 1455 1072 obst.
1476 1040 1512 1072 in
1531 1049 1558 1072 s.
1577 1041 1721 1072 Joannis
1737 1041 1778 1072 de
1799 1041 2037 1081 Castroseprio
2055 1050 2176 1073 canon.
2196 1043 2229 1074 et
2245 1042 2363 1082 praeb.‚

755 1097 787 1126 et
808 1095 843 1126 in
860 1104 886 1126 s.
906 1095 990 1126 Julii
1009 1095 1049 1126 de
1071 1095 1204 1126 Culiate
1231 1095 1327 1131 eccl„
1352 1094 1581 1126 Mediolanen.
1610 1095 1644 1126 et
1662 1094 1804 1126 Cuman.
1829 1095 1888 1132 di.,
1915 1094 2063 1134 quodam
2086 1094 2199 1128 benef.
2219 1104 2248 1128 c.
2272 1104 2301 1128 c.
2324 1113 2366 1120 —

753 1149 780 1179 Ι.
797 1157 825 1180 6.
839 1158 884 1181 m.
901 1149 942 1180 de
958 1149 1049 1180 Levo
1064 1150 1096 1180 et
1113 1149 1153 1179 de
1167 1148 1284 1179 Insula
1297 1148 1489 1188 archipr.is,
1507 1148 1648 1180 Cuman.
1660 1148 1720 1186 di.,
1736 1157 1774 1179 ac
1788 1147 2142 1188 GoffretoSpanzotae,
2154 1157 2227 1180 can.
2244 1149 2365 1181 Fama-

754 1205 888 1242 gustan.
905 1202 985 1234 eccl.
1005 1202 1058 1241 (A.
1074 1203 1125 1240 31,
1148 1202 1170 1233 f.
1189 1203 1251 1233 382
1266 1207 1298 1238 ⁸3
1320 1202 1356 1233 V.
1378 1203 1429 1237 88,
1447 1211 1500 1241 ep.
1517 1202 1625 1240 3398.)

799 1253 936 1285 42090.
956 1274 994 1278 -
1012 1256 1105 1286 Petro
1125 1255 1282 1292 Monachi,
1304 1254 1415 1285 clerico
1434 1254 1507 1286 eccl.
1531 1255 1720 1292 Grassensis,
1735 1264 1829 1287 conc.
1845 1256 1883 1286 ut
1897 1255 2006 1296 gratia
2024 1255 2093 1295 ipsi
2110 1255 2199 1288 facta
2212 1256 2254 1289 de
2268 1265 2364 1293 cano-

754 1310 868 1341 nicatu
885 1310 948 1340 sub
965 1318 1062 1349 exsp.
1082 1309 1185 1349 praeb.
1204 1309 1285 1340 eccl.
1304 1309 1481 1347 Grassen„
1496 1309 1532 1339 in
1546 1318 1613 1348 qua
1626 1310 1739 1340 certus
1755 1309 1958 1340 clericorum
1974 1317 2150 1345 numerus,
2166 1309 2365 1350 praebendas

754 1363 839 1395 inibi
855 1363 1092 1400 obtinentium,
1111 1364 1163 1394 est
1177 1362 1368 1398 institutus.
1389 1362 1496 1394 libere
1511 1363 1561 1394 uti
1575 1362 1698 1398 valeat,
1716 1371 1783 1394 non
1798 1362 1886 1394 obst.
1906 1363 1997 1403 quod
2014 1363 2050 1394 in
2066 1371 2106 1395 ea
2123 1363 2164 1396 de
2177 1359 2365 1404 parochiali

755 1417 835 1449 eccl.
853 1426 881 1448 s.
898 1417 1074 1448 Laurentii
1095 1417 1136 1448 de
1153 1416 1392 1456 Maganhosco,
1412 1417 1572 1448 Grassen.
1594 1417 1655 1453 di.,
1676 1416 1802 1447 modici
1820 1416 1960 1454 valoris,
1977 1417 2104 1448 mentio
2119 1417 2210 1449 facta
2228 1417 2364 1456 fuisset,

755 1473 787 1503 et
804 1472 844 1502 de
869 1470 1002 1502 duabus
1027 1474 1138 1501 tamen
1157 1471 1237 1501 eccl.
1256 1470 1416 1501 videlicet
1430 1471 1469 1501 B.
1486 1470 1530 1501 M.
1551 1470 1592 1501 de
1609 1471 1738 1502 Rozeto
1755 1471 1788 1501 et
1805 1479 1833 1501 s.
1854 1470 2034 1502 Trinitatis
2049 1470 2162 1502 eidem
2179 1471 2366 1511 parochiali

755 1525 835 1557 eccl.
853 1524 996 1556 annexis
1012 1524 1108 1555 nulla
1126 1524 1253 1555 mentio
1270 1524 1358 1555 facta
1373 1523 1488 1555 fuerit.
1508 1524 1561 1562 (A.
1579 1525 1629 1558 31,
1648 1524 1671 1554 f.
1690 1525 1729 1555 46
1747 1529 1777 1559 ²5
1802 1523 1835 1554 V.
1853 1524 1904 1560 87,
1921 1532 1973 1564 ep.
1993 1524 2102 1564 2649.)

799 1575 937 1607 42091.
962 1595 999 1600 —-
1022 1577 1188 1615 Fridiano,
1213 1577 1306 1608 electo
1330 1577 1572 1615 Civitatisnovae,
1592 1577 1850 1609 commendatur
1868 1578 1910 1608 ad
1934 1586 1967 1608 vr
1992 1586 2099 1609 annos
2118 1578 2365 1610 monasterium

754 1641 781 1663 s.
805 1632 962 1671 Gregorii
980 1632 1020 1663 de
1039 1631 1206 1669 Venetiis,
1223 1632 1262 1663 O.
1281 1632 1315 1663 S.
1334 1632 1386 1666 B.,
1402 1631 1586 1662 Castellan.
1611 1631 1670 1668 di.,
1692 1630 1746 1661 eui
1763 1631 1898 1670 praefuit
1915 1633 1946 1662 et
1961 1632 2097 1671 praeest,
2124 1632 2252 1663 attento
2274 1632 2366 1672 quod

754 1694 817 1716 sua
832 1685 1002 1716 industria
1022 1685 1174 1725 ejusdem
1195 1685 1406 1720 monasterii,
1423 1686 1503 1715 tunc
1521 1684 1679 1724 oppressi
1697 1692 1818 1724 magna
1835 1684 1970 1716 sarcina
1987 1685 2210 1725 paupertatis,
2226 1685 2365 1717 faculta-

753 1740 805 1769 tes
825 1740 858 1770 et
883 1739 1036 1769 redditus
1059 1740 1138 1769 sunt
1155 1747 1223 1769 non
1248 1738 1419 1769 modicum
1445 1737 1666 1777 augmentati,
1693 1739 1725 1768 et
1750 1737 1904 1768 ecclesiae
1929 1737 2184 1770 Civitatisnovae
2210 1737 2366 1770 redditus

754 1794 833 1823 sunt
850 1793 933 1823 adeo
950 1793 1070 1823 tenues
1088 1792 1177 1831 quod
1195 1792 1273 1831 quis
1289 1801 1331 1822 ex
1347 1792 1398 1822 eis
1412 1791 1510 1831 Juxta
1531 1790 1737 1830 episcopalis
1757 1792 1869 1822 status
1891 1791 2081 1823 decentiam
2098 1792 2273 1824 commode
2291 1801 2365 1824 sus·

752 1846 877 1877 tentari
909 1845 1037 1886 nequit.
1066 1863 1105 1868 —
1131 1845 1158 1877 1.
1191 1854 1219 1876 e.
1250 1854 1295 1876 m.
1326 1854 1422 1876 conV.
1452 1845 1584 1885 praefati
1611 1844 1826 1876 monasterii.
1847 1845 1898 1882 (A.
1925 1846 1977 1880 31,
2006 1844 2030 1876 f.
2054 1846 2115 1876 214
2131 1845 2162 1883 b;
2186 1845 2220 1878 V.
2237 1846 2290 1884 88,
2309 1855 2365 1886 eps

752 1902 858 1938 3016.)

799 1951 936 1983 42092.
964 1972 1002 1978 —-
1025 1953 1204 1990 Fridianus,
1224 1953 1319 1984 abbas
1336 1958 1468 1985 monast.
1491 1963 1517 1984 s.
1540 1952 1681 1993 Gregorii
1699 1951 1736 1982 de
1763 1951 1906 1990 Venetiis,
1928 1951 1963 1984 Ο.
1983 1952 2018 1983 S.
2036 1952 2090 1990 B.,
2111 1951 2281 1985 Castellan.
2302 1953 2365 2004 di„

752 2009 790 2040 fit
801 2017 898 2048 ep.us
910 2008 1062 2039 ecclesiae
1078 2008 1335 2040 Civitatisnovae
1352 2007 1386 2038 in
1399 2006 1628 2047 patriarchatu
1640 2005 1810 2038 Gradensi
1828 2006 2060 2044 consistentis,
2075 2015 2148 2038 vac.
2161 2016 2221 2047 per
2234 2006 2366 2039 obitum

751 2062 855 2097 Petri,
873 2064 905 2093 et
923 2062 1012 2100 apud
1027 2063 1061 2093 S.
1079 2062 1119 2094 A.
1137 2061 1265 2101 praevia
1277 2061 1426 2102 generali
1443 2060 1674 2091 reservatione
1692 2060 1846 2090 omnium
1862 2060 1943 2091 eccl.
1962 2060 2209 2092 cathedralium
2225 2061 2262 2092 in
2274 2061 2364 2093 dicto

752 2116 983 2156 patriarchatu
998 2115 1155 2153 sitarum,
1169 2124 1228 2155 per
1246 2115 1314 2146 PP.
1334 2115 1434 2146 facta.
1452 2132 1489 2137 —
1506 2114 1532 2145 I.
1548 2122 1577 2145 e.
1591 2122 1636 2145 m.
1653 2113 1801 2152 capitulo
1817 2113 1968 2145 ecclesiae
1983 2113 2256 2152 Civitatisnovae;
2273 2115 2364 2147 clero

752 2171 785 2201 et
801 2170 928 2210 populo
941 2170 1035 2200 civit.
1053 2171 1086 2200 et
1108 2170 1178 2206 di.;
1195 2169 1395 2208 patriarcha}
1411 2168 1556 2199 Graden.
1575 2168 1630 2207 (A.
1654 2169 1704 2205 31,
1722 2167 1744 2198 f.
1766 2169 1826 2198 270
1841 2172 1870 2204 ⁸;
1892 2167 1928 2198 V.
1946 2168 1998 2206 88,
2017 2176 2070 2207 ep.
2085 2169 2191 2206 3130.)

796 2221 934 2252 42093.
952 2242 990 2246 -
1009 2223 1176 2254 Francisco
1190 2222 1227 2254 de
1239 2222 1360 2254 Sancta
1376 2221 1537 2257 Columba,
1549 2221 1668 2252 archid.
1686 2220 1866 2251 Terantonae
1878 2221 1912 2251 in
1924 2221 1996 2252 eccl.
2013 2220 2176 2261 Iler-densi,
2193 2222 2365 2255 indultum

752 2280 788 2308 ut
801 2278 982 2309 residendo
995 2277 1030 2307 in
1045 2277 1151 2308 altera
1162 2277 1349 2308 ilerdensis
1363 2278 1420 2307 aut
1435 2275 1631 2316 Maj0ricen.
1646 2275 1880 2312 ecclesiarum,
1894 2274 1929 2306 in
1943 2274 2069 2315 quibus
2083 2284 2201 2307 canon.
2215 2277 2248 2308 et
2259 2276 2362 2316 praeh.

753 2331 891 2368 obtinet,
908 2332 966 2362 aut
982 2330 1174 2361 insistendo
1190 2330 1303 2361 studio
1320 2330 1512 2361 litterarum
1533 2329 1568 2359 in
1586 2328 1660 2360 loco
1677 2328 1734 2359 ubi
1753 2328 1838 2359 illud
1856 2328 1968 2368 vigeat
1982 2328 2153 2369 generale,
2172 2329 2302 2362 fructus
2314 2330 2364 2370 ip·

752 2393 867 2415 sarum
892 2384 994 2424 piaeb.
1020 2384 1149 2424 integre
1175 2383 1340 2423 percipiat
1364 2383 1407 2414 ad
1428 2383 1626 2414 triennium.
1651 2400 1691 2404 —
1707 2382 1734 2413 I.
1756 2391 1785 2413 e.
1807 2390 1852 2412 m.
1873 2381 1986 2414 abbati
2003 2383 2150 2414 monast.
2171 2382 2213 2414 de
2228 2383 2362 2424 Regali,
2427 2423 2432 2428 ι

751 2437 947 2477 Majoricen.
975 2438 1035 2476 di.,
1062 2440 1094 2469 et
1121 2437 1247 2468 archid.
1272 2437 1485 2474 Tirasonen.‚
1514 2445 1552 2467 ac
1570 2435 1720 2467 sacristae
1742 2435 1937 2468 Gerunden.
1963 2436 2044 2467 eccl.
2063 2435 2115 2475 (A.
2139 2437 2191 2474 31,
2213 2437 2237 2469 f.
2265 2438 2306 2468 34
2330 2442 2362 2471 *ς

756 2491 792 2522 V.
809 2493 860 2526 87,
880 2500 933 2530 ep.
953 2492 1059 2530 2647.)
1365 2482 1369 2486 '

796 2541 934 2574 42094.
955 2562 995 2566 -
1011 2544 1129 2575 Joanm'
1148 2544 1186 2574 de
1206 2543 1359 2582 Suisiaco,
1380 2553 1460 2574 mon.
1483 2547 1616 2574 monast.
1641 2553 1666 2574 s.
1691 2542 1835 2573 Medardi
1856 2542 2062 2578 Suessionen„
2083 2542 2125 2574 ad
2141 2543 2180 2574 R.
2207 2543 2250 2575 Ε.
2274 2543 2367 2577 nullo,

751 2597 850 2628 medio
864 2598 996 2639 pertin„
1016 2597 1050 2629 O.
1065 2598 1102 2629 S.
1123 2597 1173 2633 B.,
1196 2597 1301 2628 licent.
1320 2598 1354 2627 in
1372 2597 1513 2632 decretis,
1531 2605 1623 2628 conc.
1647 2597 1683 2627 ut
1700 2597 1736 2627 in
1752 2605 1840 2626 nova
1854 2596 2024 2627 creatione
2044 2596 2178 2627 abbatis
2196 2597 2276 2628 dicti
2291 2606 2363 2629 mo—

751 2654 838 2683 nast.
862 2660 930 2683 non
947 2654 1102 2683 teneatur
1121 2651 1219 2691 juxta
1237 2652 1364 2682 statuta
1386 2651 1538 2690 ejusdem
1562 2651 1708 2680 monast.
1731 2650 1925 2680 renuntiare
1945 2650 2166 2681 thesaurariae
2188 2651 2229 2682 de
2249 2651 2362 2687 Sauci,

751 2714 852 2745 quam
872 2705 908 2736 in
931 2705 1049 2736 eodem
1065 2704 1272 2736 monasterio
1289 2704 1431 2741 obtinet,
1448 2712 1589 2743 quaeque
1610 2703 1678 2742 ipsi
1696 2702 1737 2733 ab
1759 2702 1879 2734 abbate
1897 2703 2021 2734 collata
2038 2707 2070 2734 et
2087 2712 2107 2734 a
2127 2704 2231 2743 Papa,
2251 2705 2362 2744 quoad

752 2759 888 2794 vixerit,
905 2759 1104 2790 confirmata
1118 2758 1194 2789 fuit.
1214 2758 1266 2796 (A.
1282 2759 1334 2794 31,
1352 2758 1376 2788 f.
1394 2759 1434 2787 44
1451 2757 1479 2793 b;
1504 2756 1539 2788 V.
1557 2758 1607 2794 87,
1628 2765 1680 2796 ep.
1701 2757 1807 2795 2679.)

796 2809 935 2841 42095.
952 2829 989 2835 -
1010 2811 1186 2849 Thederico,
1209 2821 1279 2852 ep.o
1297 2811 1491 2846 Atrebatem,
1512 2810 1613 2841 facul.
1633 2809 1873 2840 tabellionatus
1890 2810 1944 2840 off.
1967 2810 2170 2842 concedendi
2191 2812 2210 2841 2
2228 2811 2363 2843 clericis

752 2865 817 2904 ipsi
844 2865 1030 2902 benevisis,
1054 2875 1131 2897 cum
1156 2866 1265 2896 forma
1291 2864 1477 2904 ,iuramenti
1501 2863 1676 2894 fidelitatis
1699 2864 1741 2894 R.
1766 2863 1810 2894 ·Ε.
1835 2863 1877 2894 ab
1901 2863 1989 2902 ipsis
2013 2865 2207 2904 praestandi.
2232 2865 2285 2904 (A.
2311 2866 2361 2901 29,

751 2919 773 2950 f.
791 2921 850 2950 135
868 2919 898 2956 ¹³;
924 2919 957 2950 V.
976 2920 1026 2957 85,
1044 2928 1096 2959 ep.
1117 2921 1222 2957 1035.)

797 2970 935 3003 42096.
956 2991 994 2996 -
1016 2973 1125 3003 Priori
1146 2977 1277 3004 monast.
1300 2972 1337 3003 de
1362 2971 1606 3013 Semphyqlzin„
1630 2980 1687 3012 per
1703 2970 1841 3011 priorem
1861 2969 1946 3000 soliti
1961 2970 2047 3010 qub„
2066 2971 2133 3002 ord.
2155 2982 2181 3001 s.
2208 2971 2360 3010 Giliberti,

751 3026 945 3058 Lincolnien.
976 3026 1033 3063 di.,
1057 3026 1158 3058 facul.
1184 3026 1428 3058 tabellionatus
1446 3026 1500 3057 off.
1526 3025 1731 3057 concedendi
1757 3026 1775 3055 3
1796 3024 1931 3055 clericis
1948 3033 2015 3055 non
2033 3026 2222 3065 conjugatis
2244 3034 2305 3057 nec
2326 3026 2362 3057 in
