2560 3476
313 346 372 376 242
719 338 892 370 JOANNlS
916 338 1035 369 PAPAE
1057 337 1159 368 XXII.
1183 337 1432 378 (1316-1334).
1454 356 1492 361 —
1516 338 1703 369 LITTERAE
1726 337 1952 370 COMMUNES

347 433 449 460 Datum
467 427 493 460 A
500 425 648 459 venione.

744 529 898 569 disposit.
918 537 988 559 suae
1008 527 1259 564 reservaverat;
1278 535 1355 558 cum
1380 529 1493 558 autem
1519 526 1560 558 ab
1579 527 1754 567 aliquibus
1771 529 1942 560 asseratur
1955 529 2045 569 quod
2060 530 2139 569 post
2152 529 2350 571 hujusmodi

743 581 1011 614 reservationem
1029 581 1117 612 idem
1135 580 1320 618 Robertus,
1339 580 1447 612 adhuc
1470 581 1503 611 in
1526 580 1686 612 humanis
1702 590 1816 621 agens,
1833 581 1933 613 dictis
1949 591 2067 614 canon.
2091 585 2124 614 et
2140 583 2243 623 praeh.
2260 586 2349 616 auct.

743 635 797 666 sui
814 634 978 666 ordinarii
999 634 1153 674 privatus
1171 633 1249 671 fuit,
1272 634 1365 674 Papa
1382 634 1470 664 dicto
1487 634 1596 665 Alano
1621 634 1738 666 eadem
1761 643 1879 666 canon.
1897 636 1930 666 et
1947 635 2064 675 praeb.‚
2080 645 2141 676 per
2155 636 2351 676 hujusmodi

742 689 972 728 privationem
992 687 1046 718 vel
1068 687 1135 718 alio
1154 695 1368 727 quocumque
1387 687 1487 719 modo
1503 688 1668 727 vacantia,
1686 688 1833 725 confert3
1857 697 1924 720 non
1945 689 2030 721 obst.
2056 689 2190 730 paroch.
2211 691 2292 723 eccl.
2309 691 2350 723 de

741 742 911 777 Hiksston,
934 743 964 773 et
990 741 1094 781 praeb.
1111 741 1144 771 in
1164 741 1341 781 collegiata
1358 741 1439 772 eccl.
1461 741 1499 772 B.
1516 741 1561 772 M.
1582 742 1625 773 V.
1645 741 1836 780 Stasordiae,
1858 741 2045 775 Eboracen.
2062 744 2095 775 et
2118 743 2348 778 Lichefelden.

740 796 800 832 di.,
814 804 958 835 quarum
971 795 1113 830 fructus,
1130 794 1313 834 cujuslibet
1327 794 1485 826 videlicet
1500 803 1630 832 earum,
1643 796 1682 826 12
1694 795 1818 827 march.
1832 796 1924 828 sterl.
1943 797 2129 828 secundum
2141 797 2351 830 taxationem

741 849 890 889 antiquae
909 849 1048 880 decimae
1067 848 1217 879 valorem
1244 857 1394 879 annuum
1413 857 1480 880 non
1496 849 1676 880 excedunt.
1691 867 1730 871 —
1747 849 1775 880 Ι.
1794 858 1823 881 e.
1843 858 1889 881 m.
1906 858 1982 890 ep.o
1999 850 2165 888 paduan..
2183 853 2216 882 et
2234 851 2350 883 abbati

740 904 884 934 monast.
908 903 949 933 de
978 903 1088 942 Rupe,
1115 901 1301 933 Eboracen.
1328 902 1386 938 di.,
1406 911 1444 933 ac
1467 911 1571 942 praep.
1597 902 1678 934 eccl.
1705 903 1901 935 JanuensiS.
1923 903 1974 943 (A.
1992 904 2044 941 30,
2068 904 2092 936 f.
2110 905 2170 935 437
2187 909 2216 942 ⁸3
2240 904 2277 936 V.
2295 906 2348 942 87,

739 966 756 988 e
785 982 792 988 .
810 958 902 988 2084.

346 1016 360 1042 1
376 1014 460 1049 (kal.)
473 1015 541 1042 maii
556 1014 643 1042 1328.
760 956 924 1039 Ι)41065).
941 1026 979 1031 -
1001 1009 1134 1040 Roberto
1151 1009 1186 1039 de
1209 1008 1299 1039 Fuaeo
1317 1009 1453 1040 collatio
1469 1017 1586 1040 canon.
1605 1011 1637 1041 et
1657 1009 1759 1050 praeb.
1775 1010 1856 1042 eccl.
1873 1010 2096 1049 Parisiensis‚
2112 1020 2184 1043 vac.
2203 1019 2264 1052 per
2279 1010 2350 1043 obi·

398 1059 429 1086 T.
451 1059 497 1092 XI,
516 1059 588 1088 xm.
738 1064 811 1095 tum
828 1063 915 1103 mag'.
933 1063 1124 1102 Pandulphi
1142 1063 1183 1093 de
1202 1062 1350 1099 Sabello,
1366 1063 1401 1094 S.
1418 1064 1457 1093 A.
1474 1063 1609 1094 notarii.
1631 1081 1669 1086 —
1685 1064 1711 1094 I.
1726 1072 1755 1095 e.
1771 1072 1816 1095 m.
1838 1073 1914 1103 ep.o
1935 1063 2227 1104 Carpentoraten„
2246 1065 2278 1096 et
2292 1064 2349 1097 ab·

739 1116 809 1148 bati
836 1117 1035 1148 monasterii
1059 1125 1087 1147 s.
1107 1116 1268 1148 Germani
1286 1116 1327 1147 de
1351 1116 1466 1147 Pratis
1486 1117 1667 1153 Parisien.,
1684 1125 1722 1149 ac
1738 1117 1866 1149 archid.
1885 1118 2037 1150 Redden.
2060 1118 2096 1150 in
2121 1118 2202 1150 eccl.
2219 1117 2348 1151 Narbo-

739 1179 814 1202 nen.
830 1170 884 1210 (A.
900 1171 952 1210 30,
966 1170 988 1201 f.
1006 1171 1066 1202 558
1083 1175 1111 1206 ¹3
1135 1169 1168 1202 V.
1184 1171 1236 1207 87,
1253 1178 1306 1209 ep.
1320 1169 1429 1210 2328.)
1950 1181 1953 1183 ·

455 1228 490 1255 Ut
511 1236 535 1254 s.
783 1221 920 1253 41066.
940 1242 978 1247 —
993 1223 1144 1256 Jacobino
1158 1227 1232 1253 nato
1243 1223 1410 1263 *Manfredi
1423 1223 1459 1254 de
1476 1223 1618 1255 Fabiano
1632 1233 1726 1264 prov.
1741 1234 1859 1256 canon.
1876 1224 1940 1256 sub
1955 1233 2052 1266 exsp.
2063 1225 2167 1266 praeb.
2185 1225 2266 1257 eccl.
2282 1226 2350 1258 Au-

396 1272 428 1300 T·
446 1273 492 1306 xl,
513 1272 584 1299 ΧῙῙΙ-
738 1279 871 1318 gusten.
889 1295 929 1301 —
942 1278 968 1309 I.
994 1286 1023 1308 e.
1046 1286 1093 1308 m.
1114 1286 1143 1308 s.
1162 1277 1322 1316 Stephani
1349 1277 1390 1308 de
1405 1277 1547 1317 Bugella
1563 1281 1595 1309 et
1612 1287 1639 1310 s.
1656 1278 1785 1318 AEgidii
1805 1279 1846 1310 de
1860 1279 2007 1320 Veregio
2025 1279 2230 1320 praepositis,
2245 1288 2284 1311 ac
2297 1287 2350 1311 ar-

739 1331 845 1371 chipr.
867 1331 1071 1363 Modoetien.
1102 1331 1198 1369 eccl.,
1223 1330 1429 1367 vercellen„
1457 1331 1646 1371 Augusten.
1671 1333 1705 1363 et
1726 1332 1952 1364 Mediolanen.
1980 1332 2026 1365 di.
2046 1333 2099 1374 (Α.
2120 1334 2173 1370 30,
2192 1332 2216 1364 f.
2231 1334 2290 1364 611
2307 1331 2348 1371 1’;

773 1408 780 1414 .
793 1387 842 1421 87,
857 1394 873 1416 e
901 1408 909 1416 .
925 1386 1018 1416 2450.

306 1442 327 1473 2
344 1443 385 1476 (v1
404 1442 486 1475 nou.)
502 1442 570 1469 maii
590 1441 679 1470 1328.
745 1385 922 1469 ιῘιΠΟΒΡἏ
939 1457 978 1463 --
993 1385 1142 1475 Biennio,
1161 1438 1229 1470 abb.
1250 1443 1380 1470 monast.
1401 1438 1437 1469 de
1450 1449 1474 1470 s.
1495 1438 1629 1477 Albano,
1650 1439 1684 1471 O.
1706 1439 1740 1471 S.
1765 1439 1817 1476 B„
1833 1439 2026 1471 Lincolnien.
2042 1439 2102 1477 di.,
2120 1439 2222 1472 facul.
2242 1439 2348 1472 tabel-

407 1486 439 1515 T.
461 1486 583 1514 XXXVI.
739 1494 890 1526 lionatus
913 1493 967 1524 off.
992 1492 1198 1524 concedendi
1212 1494 1231 1523 2
1249 1492 1384 1524 clericis
1400 1501 1468 1523 non
1492 1491 1683 1533 conjugatis
1702 1501 1764 1524 nec
1781 1493 1816 1524 in
1832 1493 1939 1525 sacris
1958 1494 2030 1525 ord.
2047 1493 2254 1530 constitutis,
2270 1502 2350 1525 cum

739 1547 850 1579 forma
862 1546 1047 1587 juramenti
1065 1546 1240 1577 fidelitatis
1258 1547 1300 1578 R.
1318 1546 1358 1577 E.
1374 1545 1415 1577 ab
1431 1546 1519 1586 ipsis
1534 1547 1727 1586 praestandi.
1746 1547 1798 1586 (A.
1816 1548 1869 1584 29,
1887 1547 1911 1578 f.
1929 1548 1988 1579 134
2002 1552 2031 1584 ²5
2054 1547 2088 1580 V.
2103 1548 2154 1584 85,
2170 1556 2222 1587 ep.
2240 1547 2347 1587 1021.)

454 1602 490 1629 Ut
507 1610 531 1628 e.
784 1598 923 1635 41068.
939 1618 978 1623 —
997 1600 1192 1630 Patriarchae
1207 1600 1472 1635 Jerosolimitano,
1495 1599 1630 1630 Nicosiae
1648 1601 1863 1638 commoranti,
1882 1605 1912 1631 et
1928 1601 2046 1632 archid.
2070 1610 2105 1632 ac
2124 1600 2258 1632 thesaur.
2273 1600 2346 1632 eccl.

441 1646 472 1673 T.
490 1646 549 1673 ΧΠ·
739 1654 895 1685 Nicosien.
917 1654 1029 1685 mand.
1047 1655 1085 1685 ut
1108 1653 1251 1693 justitiae
1270 1653 1396 1685 faciant
1419 1653 1706 1693 complementum
1726 1663 1829 1694 super
1846 1663 1885 1686 eo
1907 1655 1998 1695 quod
2012 1654 2106 1691 olim.
2123 1656 2162 1686 ut
2176 1654 2349 1687 Robertus

738 1708 900 1746 Ferrarii,
919 1707 1106 1740 monachus
1121 1707 1321 1738 monasterii
1337 1707 1369 1739 S.
1387 1707 1433 1738 M.
1451 1707 1491 1738 de
1506 1707 1720 1748 Dragonaria
1735 1716 1840 1748 prope
1856 1707 2044 1747 Nicosiam,
2065 1709 2103 1740 O.
2123 1709 2157 1740 S.
2174 1709 2226 1745 B.,
2243 1708 2347 1740 eccle-

738 1762 797 1793 siae
811 1761 1054 1792 Anthiocheuae
1070 1760 1266 1792 immediate
1289 1759 1443 1799 subjecti,
1463 1760 1635 1800 exposuit,
1651 1760 1809 1793 defuncto
1832 1762 1935 1793 Petro
1953 1761 2106 1801 ejusdem
2123 1763 2270 1794 monast.
2287 1762 2346 1794 ab·

736 1815 825 1850 bate,
843 1814 1011 1847 Geraldus
1034 1823 1133 1854 ep.us
1152 1813 1323 1853 Paphen„
1342 1814 1423 1844 tunc
1441 1813 1567 1845 archid.
1593 1814 1836 1850 Beneventan.,
1854 1816 2021 1847 Joannem
2045 1815 2239 1853 Picardum‚
2254 1824 2345 1848 mon.

737 1870 882 1900 monast.
901 1868 1057 1900 Belliloci
1081 1876 1187 1907 prope
1206 1867 1393 1904 Nicosiam,
1416 1867 1488 1898 ord.
1513 1867 1726 1906 Cistercien.‚
1746 1868 1835 1900 dicto
1861 1868 2011 1901 Roberto
2033 1869 2294 1908 contradicente,
2310 1870 2348 1902 in

737 1921 894 1953 abbatem
910 1922 1055 1953 monast.
1071 1921 1111 1952 de
1127 1921 1340 1961 Dragonaria
1351 1921 1431 1961 eligi
1442 1922 1638 1961 procuravit
1652 1923 1684 1953 et
1695 1922 1890 1954 confirmari
1906 1921 2064 1961 obtinuit,
2076 1922 2157 1955 licet
2171 1923 2346 1964 indignus,

736 1975 899 2007 inhabilis
913 1978 947 2006 et
963 1984 1096 2007 excom.
1113 1974 1256 2014 majoris
1272 1975 1440 2006 sententia
1455 1975 1639 2006 innodatus
1657 1975 1732 2015 ipse
1749 1976 1900 2007 Joannes
1917 1977 2019 2013 esset.
2032 1977 2066 2008 et
2081 1985 2158 2008 cum
2175 1985 2280 2017 super
2292 1977 2347 2010 his

736 2029 898 2070 praefatus
914 2028 1086 2061 Robertus
1100 2028 1143 2060 ad
1159 2029 1194 2060 S.
1208 2029 1250 2060 A.
1269 2028 1487 2068 appellasset,
1506 2028 1618 2060 dictus
1635 2029 1804 2060 Geraldus
1820 2029 2136 2062 transfretationem
2153 2031 2265 2071 ipsius
2279 2031 2347 2064 Ro-

735 2083 822 2115 berti
838 2083 1034 2123 procuravit
1049 2082 1286 2122 multipliciter
1298 2081 1472 2122 impediri.
1489 2081 1542 2122 (A.
1567 2084 1618 2120 30,
1639 2082 1664 2114 f.
1681 2083 1740 2114 325
1754 2083 1768 2104 1³
1774 2092 1783 2119 3
1806 2083 1842 2115 V.
1868 2084 1920 2120 86,
1934 2092 1986 2123 ep.
2005 2085 2110 2123 17622)

448 2136 486 2165 Ut
506 2145 530 2164 s.
780 2134 918 2167 41069.
936 2155 973 2160 —
989 2135 1106 2167 Abbati
1126 2135 1310 2166 monasterii
1324 2134 1528 2173 Montisolivi,
1549 2140 1578 2166 et
1596 2136 1700 2176 priori
1716 2135 1752 2166 de
1767 2136 1917 2174 Leseura,
1938 2136 2162 2169 Caraeassonen.
2175 2142 2205 2169 et
2221 2138 2344 2170 Albim.

409 2181 440 2209 T.
462 2181 570 2209 XXVII.
735 2190 792 2227 di.,
811 2201 847 2221 ac
864 2189 1041 2222 Bertrando
1059 2189 1095 2220 de
1113 2189 1225 2227 Turre,
1249 2199 1318 2221 can.
1343 2188 1515 2230 Urqellen„
1532 2189 1646 2220 mand.
1663 2191 1700 2221 ut
1717 2190 1959 2230 Raymundum
1980 2191 2152 2231 Saysheti,
2168 2201 2259 2224 mon.
2277 2201 2347 2224 mo-

734 2244 876 2276 nasterii
893 2245 934 2276 de
955 2243 1120 2279 Galliaco,
1143 2243 1181 2276 O.
1199 2243 1233 2275 S,
1250 2243 1302 2281 Β.,
1319 2242 1457 2274 Albien.
1477 2242 1536 2280 di.,
1555 2243 1736 2275 Bertrandi
1758 2244 1825 2283 ep.i
1847 2244 2034 2276 Tusculani
2055 2246 2347 2286 consanguineum

733 2299 765 2330 et
781 2298 996 2333 familiarem,
1011 2297 1118 2337 recipi
1133 2296 1259 2328 faciant
1276 2297 1311 2328 in
1328 2296 1471 2328 ecclesia
1485 2296 1669 2335 Electensi‚
1685 2296 1792 2337 ejusd.
1808 2298 1894 2334 ord..
1913 2298 1943 2329 si
1959 2298 2086 2338 aliquis
2099 2298 2188 2331 desit
2201 2299 2256 2331 vel
2268 2307 2346 2331 cum

732 2352 840 2384 deerit
856 2352 897 2384 de
911 2360 1054 2383 numero
1070 2351 1106 2382 in
1122 2351 1240 2382 eadem
1262 2350 1343 2382 eccl.
1358 2350 1553 2390 juramento
1578 2350 1736 2382 instituto
1753 2351 1786 2382 et
1803 2361 1823 2383 a
1842 2351 1876 2383 S.
1894 2352 1936 2383 A.
1952 2351 2163 2391 confirmato,
2178 2353 2278 2394 eique
2293 2362 2345 2386 re-

731 2406 869 2437 servent
884 2404 1230 2442 administrationem,
1253 2403 1457 2443 prioratum,
1479 2403 1532 2434 vel
1548 2403 1762 2442 decanatum,
1775 2405 1833 2435 aut
1851 2405 2123 2445 praeposituram,
2138 2406 2194 2437 vel
2210 2406 2266 2438 off.
2283 2414 2346 2438 seu

730 2458 840 2491 benef.
857 2468 885 2490 c.
903 2467 931 2490 c.
946 2458 1003 2490 vel
1020 2467 1048 2490 s,
1065 2467 1107 2495 c.,
1123 2457 1247 2498 pertin.
1265 2457 1308 2489 ad
1323 2456 1435 2489 collat.
1455 2457 1524 2496 ep.i
1537 2458 1570 2488 et
1587 2457 1687 2497 capit.
1705 2457 1868 2496 Electen.,
1883 2459 1917 2490 et
1931 2467 1993 2499 per
2007 2458 2162 2499 ejusdem
2171 2459 2258 2492 eccl.
2275 2468 2344 2492 mo·

731 2513 857 2544 nachos
880 2512 959 2553 gub.
975 2511 1117 2544 solitum
1131 2519 1194 2543 seu
1211 2510 1359 2542 solitam.
1379 2510 1567 2542 (lassantur
1588 2511 1709 2543 litterae
1727 2511 1860 2543 similes
1874 2511 1945 2552 jam
1961 2512 2157 2544 Raimuudo
2174 2514 2208 2545 et
2223 2522 2344 2546 execu-

730 2566 863 2598 toribus
878 2565 1052 2606 praedictis
1070 2565 1218 2601 directae,
1242 2573 1261 2595 a
1283 2563 1409 2604 quibus
1425 2572 1524 2604 ep.us
1541 2565 1574 2596 et
1590 2564 1692 2605 capit.
1711 2565 1844 2605 praefati
1860 2565 1903 2596 ad
1919 2565 1953 2597 S.
1971 2566 2012 2605 A.
2031 2566 2287 2606 appellaverunt
2302 2576 2343 2600 eo
2372 2604 2374 2606 ,

731 2620 821 2660 quod
837 2621 873 2652 in
891 2620 942 2652 eis
956 2620 997 2652 de
1013 2619 1103 2651 dicto
1119 2627 1262 2650 numero
1282 2617 1378 2649 nulla
1392 2618 1520 2649 mentio
1535 2617 1733 2650 habebatur.
1750 2619 1802 2653 (A.
1816 2620 1868 2657 30,
1885 2619 1909 2650 f.
1924 2620 1984 2651 367
1996 2624 2024 2657 ·;
2045 2619 2082 2651 V.
2097 2621 2150 2658 86,
2166 2629 2218 2661 ep.
2237 2622 2343 2661 1819.)

447 2672 484 2701 Ut
500 2681 525 2700 s,
777 2670 915 2704 41070.
931 2691 969 2697 —
992 2672 1109 2705 Abbati
1135 2675 1268 2703 monast.
1286 2682 1313 2703 s.
1333 2670 1495 2711 Genovesae
1518 2670 1673 2702 Parisien.
1697 2672 1811 2704 mand.
1828 2673 1865 2704 ut
1886 2673 2024 2705 inducat
2039 2675 2282 2714 praeceptorem
2309 2675 2343 2707 et

429 2718 460 2745 T.
479 2718 538 2746 X11.
730 2727 850 2759 fratres
865 2727 1047 2768 hospitalis
1063 2735 1091 2758 s.
1104 2726 1249 2758 Joannis
1263 2724 1536 2757 Jerosolimitani
1559 2725 1728 2757 Parisien.
1749 2726 1791 2757 ad
1804 2727 2070 2766 permutandum
2086 2735 2163 2759 cum
2175 2736 2209 2760 n.
2225 2737 2257 2760 v.
2275 2728 2340 2760 Ro-

728 2780 823 2813 berto
840 2781 881 2813 de
901 2780 1076 2818 Atrebato,
1093 2780 1215 2811 comite
1239 2778 1470 2816 BellimontiS,
1488 2780 1520 2810 et
1542 2779 1675 2810 Joanna
1693 2779 1735 2810 de
1759 2779 1912 2818 Valesi0‚
1932 2780 2006 2820 ejus
2030 2789 2147 2817 uxore,
2162 2781 2274 2813 locum
2300 2781 2342 2813 de

728 2834 892 2866 Rolhiaco
907 2835 1006 2875 juxta
1022 2834 1192 2870 Parisios,
1210 2841 1272 2873 pro
1288 2832 1355 2864 alio
1374 2832 1448 2863 loco
1468 2832 1577 2873 magis
1599 2832 1678 2864 utili
1697 2832 1859 2873 hospitali
1876 2831 2028 2873 pr‘aefatO·
2046 2834 2098 2873 (Α.
2117 2835 2170 2872 30,
2192 2834 2215 2866 s.
2232 2835 2290 2867 361
2309 2834 2339 2873 ὓς

733 2887 770 2919 V.
787 2889 839 2926 86,
857 2897 910 2928 ep.
930 2887 1037 2928 1823.)
2119 2918 2126 2925 .

442 2940 477 2967 Ut
501 2949 524 2968 s.
773 2938 910 2972 41071.
933 2959 972 2965 —
996 2940 1163 2972 Ramundo
1185 2939 1221 2971 de
1237 2939 1418 2980 szilhaco,
1436 2949 1507 2970 can.
1531 2939 1604 2972 eccl.
1630 2939 1844 2981 Maqalonen„
1863 2940 1897 2973 0.
1917 2940 1952 2972 S.
1972 2940 2025 2979 A„
2046 2942 2240 2974 reservatur
2258 2950 2342 2982 prae-

385 2984 416 3013 T.
436 2984 482 3019 XI,
502 2985 578 3015 xm·
727 2995 882 3035 positura
895 2996 1012 3027 curata
1027 2995 1125 3026 dictae
1137 2994 1232 3030 eccl.,
1248 3002 1309 3034 per
1323 2994 1434 3034 ipsius
1450 2993 1532 3025 eccl.
1549 3002 1622 3026 can.
1641 2994 1745 3026 solita
1757 2994 1849 3035 gub„
1866 2994 1908 3026 ad
1924 3003 2027 3035 quam
2040 2995 2244 3035 praepositus
2263 3004 2341 3027 con·

729 3049 841 3080 suevit
856 3058 917 3089 per
937 3048 1138 3080 electionem
1159 3047 1301 3085 assumi.
1324 3048 1486 3096 vacatura
1513 3056 1575 3088 per
1601 3048 1899 3092 consecrationem
1912 3047 2066 3080 Joannis.
2075 3048 2174 3080 electi
2191 3048 2339 3090 Magalo-
