2560 3476
309 304 370 336 350

338 395 441 422 nutum
470 389 656 424 Avenione.

339 604 353 630 Ι
373 602 460 638 (kal.)
476 611 543 636 auq.
565 603 652 632 4328.

416 647 447 676 Τ.
467 647 562 675 XXVI.

456 1083 493 1111 Ut
510 1091 535 1111 s.

440 1128 470 1155 T.
490 1127 544 1155 LX.

454 1620 490 1647 Ut
507 1628 530 1647 s.

400 1665 432 1693 T.
450 1665 496 1698 XI,
512 1664 586 1692 XIII.

456 1832 490 1859 Ut
506 1841 530 1859 s.

416 1877 447 1904 T.
470 1876 565 1904 XXIV.

454 2099 490 2126 Ut
511 2107 534 2127 s.

423 2145 454 2172 T.
473 2143 555 2172 XXV.

454 2311 490 2338 Ut
511 2319 535 2338 s,

393 2357 439 2383 Gr.
456 2364 507 2391 pro
521 2356 588 2383 Deo.

447 2632 484 2660 Ut
504 2641 528 2660 s.

423 2677 454 2705 Τ.
473 2677 556 2705 XXX.

455 2739 490 2767 Ut
511 2748 535 2768 s.

392 2785 438 2812 Gr.
455 2792 506 2820 pro
525 2785 591 2812 Deo.

710 301 885 332 JOANNIS
908 301 1027 332 PAPAE
1048 301 1152 333 XXll.
1175 302 1425 341 (1316-1384).
1447 319 1487 326 —
1509 301 1697 333 LITTERAE
1718 301 1946 334 COMMUNES

738 491 922 524 refectione
946 491 1147 523 damnorum
1173 490 1284 523 eidem
1301 491 1447 523 Antonio
1470 491 1504 523 et
1526 499 1589 523 suo
1604 492 1751 524 monast.
1769 490 1957 528 illatorum,
1974 499 2011 522 ac
2035 489 2271 525 satisfactione
2285 501 2326 525 ex

737 553 921 585 pensarum
938 544 1135 585 hujusmodi
1151 544 1328 576 occasione
1343 543 1385 575 ab
1398 553 1437 576 eo
1455 544 1633 576 factarum.
1648 544 1701 584 (A.
1716 545 1768 582 30,
1786 544 1811 576 f.
1828 545 1888 576 655
1906 543 1936 578 ¹³:
1959 543 1997 576 V.
2013 545 2066 583 87,
2081 553 2135 585 ep.
2148 546 2256 586 2530.)

781 596 921 629 42‘352.
940 615 979 621 -
1004 598 1164 640 Stephano
1181 598 1341 640 Draperii,
1369 597 1459 634 laico,
1476 597 1648 629 habitatori
1668 597 1803 628 civitatis
1823 598 2059 638 Famaqustan„
2082 597 2227 631 facultas
2246 608 2344 632 cons-

737 653 874 685 truendi
893 652 929 684 in
945 652 1119 692 hospitali,
1138 652 1179 683 ad
1192 651 1353 683 honorem
1369 651 1434 683 Dei
1450 652 1483 683 et
1499 650 1531 683 b.
1556 651 1720 691 Stephani
1734 652 1998 692 protomartyris
2013 655 2046 684 et
2067 651 2132 683 sub
2152 652 2227 693 eius
2249 661 2346 686 voca-

737 706 830 743 bulo,
846 706 889 737 ad
918 714 1004 746 opus
1030 705 1287 745 peregrinorum
1312 705 1354 736 ad
1380 706 1496 745 partes
1521 704 1816 736 transfretantium
1840 705 1954 737 Terrae
1980 707 2106 737 sanctae
2133 705 2346 748 aIIorumque

738 768 926 800 pauperum
949 760 1140 790 constructo
1164 760 1198 789 et
1215 758 1426 790 sufficienter
1451 758 1565 790 dotato
1585 757 1627 789 ab
1651 767 1703 796 eo,
1721 758 1889 798 capellam
1913 758 1979 790 sub
2003 757 2168 790 vocabulo
2192 760 2346 799 eiusdem

738 813 904 853 martyris
919 821 995 844 cum
1013 821 1176 852 campana
1199 814 1233 843 et
1248 812 1441 843 coemeterio
1457 820 1518 852 pro
1533 811 1711 852 sepultura
1724 812 1993 852 peregrinorum,
2009 821 2200 853 pauperum
2215 821 2254 845 ac
2268 821 2348 845 con-

739 868 881 899 fratrum
901 867 933 899 et
959 865 1182 897 servientium
1206 865 1389 905 hospitalis
1411 865 1577 905 ejusdem,
1600 865 1677 897 dote
1700 865 1889 897 sufficiente
1916 874 1978 905 pro
2002 865 2229 898 servitoribus
2247 866 2346 900 dictae

739 921 880 961 capellae
898 920 939 951 ad
956 919 1024 959 ep.i
1042 919 1284 959 Famagustan.
1303 918 1482 950 arbitrium
1497 918 1683 959 assignata,
1694 919 1742 950 ita
1757 919 1848 959 quod
1862 919 1905 950 ad
1919 919 2046 959 ipsum,
2058 919 2208 952 haederes
2226 921 2259 952 et
2274 928 2347 952 suc-

738 983 892 1006 cessores
910 982 991 1004 suos
1004 973 1062 1013 jus
1081 972 1309 1013 praesentandi
1325 973 1490 1004 rectorem
1507 972 1549 1004 ad
1561 972 1686 1004 dictam
1699 972 1867 1013 capellam
1885 972 2054 1012 pertinere
2069 972 2200 1005 debeat.
2220 973 2275 1015 (A.
2292 974 2346 1012 30,

739 1029 762 1060 f.
779 1029 840 1060 672
858 1031 886 1064 ⁸;
906 1027 942 1059 V.
960 1029 1012 1065 87,
1029 1035 1082 1066 ep.
1096 1026 1202 1067 2557.)
1778 1052 1781 1056 .

782 1083 794 1094 ·
815 1078 953 1110 42053.
978 1098 1017 1104 -
1039 1080 1266 1112 confirmatur
1291 1079 1494 1119 compositio
1513 1078 1627 1110 habita
1655 1079 1745 1111 inter
1766 1079 1952 1111 Helionum
1977 1080 2019 1112 de
2043 1079 2238 1118 villanova,
2255 1089 2344 1123 mag.

738 1135 919 1176 hospitalis
937 1144 966 1166 s.
984 1134 1129 1166 Joannis
1140 1133 1423 1171 Jerosolimitani,
1440 1134 1471 1164 et
1489 1133 1629 1164 Petrum
1641 1133 1682 1165 de
1696 1133 1841 1173 Ungula,
1855 1133 2003 1180 priorem
2020 1134 2142 1166 domus
2156 1134 2346 1172 Tolosam,

737 1189 919 1230 hospitalis
945 1188 1053 1228 ejusd.
1073 1196 1114 1218 ex
1133 1196 1211 1223 una,
1229 1189 1262 1218 et
1283 1196 1372 1227 mag.
1393 1186 1621 1218 Raimundum
1648 1187 1819 1224 Sobirani,
1836 1188 2001 1219 decanum
2025 1187 2106 1219 eccl.
2125 1196 2154 1220 s.
2174 1188 2348 1222 Vincentii

737 1242 1004 1283 montisregalis,
1031 1242 1275 1273 carcassonen.
1301 1241 1360 1278 di.,
1381 1240 1482 1280 Papae
1505 1249 1593 1280 cap„
1607 1249 1650 1272 ex
1674 1240 1781 1272 altera
1806 1243 1912 1280 parte,
1930 1241 2017 1272 inter
2038 1250 2126 1282 quos
2147 1241 2206 1273 diu
2222 1241 2268 1274 lis
2281 1241 2347 1274 fuit

738 1306 841 1337 super
859 1295 1074 1336 perceptione
1099 1295 1324 1335 proventuum
1352 1294 1474 1326 domus
1492 1295 1526 1325 et
1547 1294 1808 1325 commendariae
1835 1294 1994 1326 Tolosan.
2014 1296 2047 1326 et
2073 1295 2226 1329 omnium
2243 1296 2349 1336 perti-

738 1351 930 1382 nentiarum
945 1349 1108 1389 ipsarum,
1120 1357 1194 1388 quae
1210 1348 1338 1379 dudum
1355 1347 1493 1379 ruerunt
1506 1347 1632 1388 quond.
1643 1347 1715 1379 ord.
1728 1347 1859 1380 militiae
1873 1348 2008 1388 Templi
2023 1356 2163 1389 quaeque
2177 1358 2238 1390 per
2250 1350 2285 1382 S.
2303 1349 2346 1383 A.

738 1404 849 1436 eidem
876 1402 1039 1443 hospitali
1062 1403 1222 1442 perpetuo
1247 1401 1463 1441 incorporata
1487 1400 1641 1438 fuerunt3
1664 1410 1766 1441 quam
1794 1402 2047 1441 perceptionem
2075 1402 2165 1434 idem
2185 1396 2360 1443 magister

737 1457 952 1490 Raimundus
967 1456 1008 1487 ad
1021 1465 1057 1487 se
1071 1455 1240 1496 pertinere
1252 1454 1395 1486 dicebat.
1406 1454 1567 1495 Sequitur
1579 1456 1845 1486 instrumentum
1861 1455 1939 1486 inde
1954 1455 2146 1488 confectum
2158 1456 2346 1495 Avenione,

737 1511 774 1543 in
789 1510 937 1550 hospItio
953 1509 1105 1550 praedicti
1121 1508 1486 1548 Helionipositojuxta
1499 1508 1625 1540 flumen
1640 1508 1786 1545 Rodani,
1797 1517 1884 1540 anno
1900 1510 1991 1547 1327,
2004 1509 2074 1541 ind.
2085 1509 2146 1548 X⁸‚
2159 1510 2348 1550 dieasoct„

738 1564 957 1605 pontificatus
972 1563 1116 1595 Joannis
1129 1563 1197 1594 PP.
1215 1562 1318 1594 XXII
1334 1570 1430 1593 anno.
1438 1562 1530 1593 X110.
1546 1561 1600 1601 (A.
1615 1563 1667 1598 30,
1686 1562 1708 1593 f.
1723 1564 1781 1594 691
1797 1564 1885 1594 2-693
1899 1562 1928 1599 1²3
1953 1562 1986 1593 V.
2006 1564 2057 1601 87,
2076 1572 2130 1604 ep.
2148 1565 2255 1605 2597.)

784 1614 922 1646 42054.
940 1633 978 1639 -
1005 1615 1144 1647 Gerardo
1169 1614 1206 1645 de
1221 1615 1429 1654 Montencuto,
1454 1615 1614 1645 licentiato
1639 1615 1672 1645 in
1693 1614 1770 1655 jure
1794 1615 1890 1652 civili,
1909 1615 2020 1646 clerico
2041 1615 2215 1648 Clementiae
2237 1617 2277 1648 R.
2295 1617 2347 1656 I''.‚

737 1680 832 1711 prov.
858 1679 976 1702 canon.
998 1669 1062 1701 sub
1077 1678 1174 1709 exsp.
1190 1668 1294 1709 praeb.
1317 1668 1398 1699 eccl.
1417 1668 1650 1700 Carnotensis.
1668 1686 1708 1691 —
1722 1669 1750 1700 I.
1767 1677 1797 1699 e.
1815 1678 1859 1700 m.
1881 1678 1910 1700 s.
1927 1669 2064 1700 Martini
2081 1671 2114 1701 et
2130 1679 2158 1702 s.
2174 1671 2348 1704 Vincentii

738 1725 884 1756 monast.
909 1723 1108 1755 Laudunen.
1126 1722 1320 1760 abbatibus,
1338 1730 1376 1753 ac
1396 1721 1548 1753 Auberto
1566 1721 1607 1752 de
1631 1721 1866 1762 Guignicurte,
1887 1731 1959 1754 can.
1983 1723 2204 1756 Suessionen.
2222 1725 2276 1763 (A.
2294 1726 2347 1763 30,

738 1778 761 1809 f.
781 1780 840 1809 697
860 1783 889 1814 ⁸3
911 1777 948 1808 V.
964 1778 1015 1812 87,
1034 1785 1086 1815 ep.
1103 1775 1214 1816 2605.)

783 1828 922 1860 42055.
940 1848 978 1853 -
993 1829 1029 1861 S.
1048 1829 1153 1870 Serqii
1180 1828 1378 1869 Andpqaven.
1399 1833 1427 1859 et
1446 1827 1482 1859 de
1499 1827 1655 1859 Belloloco
1677 1838 1777 1870 prope
1797 1829 2005 1861 Cenomanum
2027 1831 2282 1863 monmteriorum
2294 1832 2348 1863 ab·

738 1885 875 1922 batibus,
891 1894 927 1914 ac
944 1883 1106 1914 scolastico
1121 1883 1193 1914 eccl.
1217 1882 1422 1914 Cenomanen.
1440 1882 1553 1914 mand.
1570 1884 1608 1914 ut
1626 1883 1748 1914 Joanni
1767 1883 1808 1915 de
1823 1883 1977 1924 Grazeyo
1993 1884 2167 1916 conferant
2183 1894 2278 1926 perp.
2293 1895 2350 1918 ca-

737 1938 922 1979 pellaniam
940 1939 978 1969 B.
997 1938 1042 1969 M.
1059 1936 1268 1977 Magdalenae
1284 1937 1329 1967 ‘in
1347 1936 1492 1968 ecclesia
1510 1944 1537 1967 s.
1554 1936 1676 1967 Lazari
1699 1945 1805 1977 prope
1826 1937 2044 1975 Cenomanis,
2060 1947 2134 1970 vac.
2152 1947 2213 1979 per
2231 1948 2348 1972 conse-

737 1993 923 2024 crationem
940 1992 1094 2029 hannis,
1114 1990 1183 2030 ep.i
1202 1990 1388 2026 Amelien.;
1407 1998 1473 2021 non
1497 1989 1583 2021 obst.
1609 1998 1726 2022 canon.
1749 1992 1781 2021 et
1803 1990 1905 2030 praeb.
1923 1991 1959 2022 in
1975 1991 2056 2023 eccl.
2074 1992 2115 2024 de
2131 1992 2298 2024 Ambasia
2315 1995 2349 2026 et

737 2045 928 2085 capellania
945 2045 986 2076 de
1001 2045 1153 2082 Follons‚
1172 2045 1343 2075 Turonen.
1364 2045 1397 2074 et
1415 2043 1643 2077 Cenomanen.
1661 2044 1706 2075 di.
1726 2044 1779 2084 (A.
1793 2046 1843 2081 31,
1860 2044 1884 2076 f.
1899 2046 1939 2076 25
1958 2044 1988 2082 ¹³3
2015 2045 2047 2075 V.
2063 2047 2114 2083 87,
2134 2055 2187 2085 ep.
2203 2047 2310 2088 26¹4.)

786 2096 925 2129 42056.
945 2117 982 2121 -
1000 2098 1171 2140 Archiep.o
1183 2097 1399 2132 Ebredunen„
1417 2102 1445 2127 ec
1461 2107 1533 2139 ep.o
1546 2097 1719 2135 Revalien„
1737 2108 1772 2128 ac
1785 2097 1900 2129 decano
1917 2098 1990 2130 eccl.
2011 2099 2168 2131 Osiliensis
2181 2101 2293 2132 mand.
2311 2102 2350 2132 ut

737 2153 895 2184 Wescelo
913 2152 1059 2192 Wygeri
1075 2153 1116 2183 de
1128 2151 1302 2188 Bocholte,
1320 2151 1399 2182 cler.
1420 2145 1662 2183 Monasterien.
1676 2151 1736 2189 di.,
1749 2152 1924 2183 conferant
1946 2153 2183 2185 canonicatum
2195 2156 2229 2186 et
2241 2154 2345 2194 praeb.

737 2207 818 2238 eccl.
842 2206 1035 2244 Tarbaten„
1054 2215 1127 2237 vac.
1147 2214 1207 2245 per
1223 2204 1353 2236 obitum
1369 2205 1534 2245 Volquini
1548 2205 1589 2236 de
1605 2205 1860 2245 Oyscinchusen
1877 2206 1974 2246 ap.S.
1988 2208 2028 2238 A.
2045 2207 2206 2239 defuncti.
2224 2207 2278 2249 (A.
2294 2209 2347 2247 31,

737 2258 1182 2299 ῐ.33ι;·ν;87,ερ.2631)

784 2310 922 2342 42057.
941 2330 979 2335 -—
996 2313 1092 2344 Petro
1106 2313 1142 2343 de
1156 2312 1277 2350 Mansa,
1298 2311 1412 2342 decano
1436 2312 1508 2343 eccl.
1524 2312 1679 2354 Paphen„
1698 2317 1727 2343 et
1745 2313 1888 2344 Arnoldo
1907 2313 1944 2344 de
1967 2313 2117 2351 Fabrici-3,
2135 2313 2169 2346 O.
2187 2315 2225 2346 F.
2243 2315 2294 2354 P„
2316 2315 2349 2346 in

737 2377 833 2408 reqno
852 2367 953 2408 Cypri
973 2367 1067 2408 Papae
1086 2366 1222 2400 nunciis,
1244 2366 1357 2397 mand.
1376 2367 1413 2397 ut
1434 2374 1470 2396 se
1494 2366 1680 2398 informent
1699 2367 1740 2398 de
1757 2366 1848 2399 fama
1866 2367 2029 2408 Simonis,
2050 2367 2184 2400 abbatis
2201 2371 2346 2401 monast.

737 2430 765 2451 s.
788 2421 884 2452 Pauli
912 2421 952 2451 de
971 2420 1162 2457 Antiochia,
1178 2419 1368 2451 Nimocien.
1392 2419 1452 2457 di.,
1470 2420 1508 2452 O.
1529 2420 1563 2452 S.
1580 2421 1632 2456 Β.,
1657 2423 1774 2452 contra
1796 2429 1897 2461 quem
1920 2421 2128 2454 Laurentius
2151 2423 2192 2454 de
2219 2422 2345 2463 Cypro,

737 2474 890 2514 ejusdem
914 2473 1112 2504 monasterii
1130 2481 1234 2508 mon.‚
1253 2472 1352 2512 plura
1369 2473 1604 2509 -denunciavit,
1622 2474 1655 2504 et
1677 2474 1707 2504 si
1726 2473 1840 2514 ipsum
1866 2474 2070 2506 infamatum
2088 2475 2286 2516 repererint,
2305 2475 2348 2507 ab

737 2527 931 2558 administr.
959 2527 1013 2558 sui
1037 2527 1182 2558 monast.
1208 2526 1418 2566 suspendant
1437 2529 1468 2558 et
1491 2526 1533 2558 ad
1557 2526 1800 2567 inquirendum
1816 2527 1996 2559 veritatem
2012 2529 2208 2568 procedant.
2229 2529 2347 2570 (A-3t,
2439 2514 2475 2550 ‘¹

737 2581 760 2612 f.
779 2582 818 2610 42
835 2580 864 2616 ¹³3
885 2580 921 2611 V.
940 2581 991 2618 87,
1010 2588 1064 2620 ep.
1080 2581 1187 2618 2656.)

782 2631 922 2664 42058.
940 2650 979 2656 -
1001 2633 1144 2664 Elziario
1166 2643 1237 2675 ep.o
1257 2633 1388 2674 Diynen.
1408 2633 1553 2665 facultas
1576 2634 1796 2666 contrahendi
1820 2636 1978 2666 mutuum
2001 2636 2080 2668 1000
2097 2636 2171 2669 flor.
2190 2636 2264 2668 auri
2285 2645 2347 2677 pro

737 2687 810 2719 suis
827 2689 859 2719 et
876 2687 1028 2719 ecclesiae
1044 2696 1114 2718 suae
1130 2687 1277 2728 negotiis
1295 2687 1527 2727 expediendis.
1547 2688 1599 2725 (A.
1618 2689 1669 2725 31,
1691 2688 1713 2718 f.
1729 2689 1769 2718 48
1783 2693 1814 2726 ⁸3
1839 2688 1875 2719 V.
1891 2690 1944 2726 87,
1961 2698 2012 2730 ep.
2030 2690 2138 2730 2659.)

782 2738 922 2771 42059.
934 2759 972 2764 -
993 2740 1102 2771 Priori
1117 2745 1146 2771 et
1161 2740 1313 2781 fratribus
1331 2740 1368 2771 de
1383 2741 1534 2771 Armenia
1548 2741 1615 2772 ord.
1633 2751 1660 2772 s.
1675 2741 1801 2779 Basilii,
1812 2743 1845 2771 in
1861 2742 1986 2773 civitate
2001 2742 2210 2784 Neapolitana
2225 2753 2347 2774 moran-

738 2794 829 2832 tibus,
849 2794 993 2826 facultas
1018 2794 1164 2826 habendi
1182 2803 1381 2834 campanam
1398 2795 1432 2826 in
1453 2795 1583 2835 capella
1605 2803 1666 2826 seu
1682 2795 1832 2827 oratorio
1848 2796 1938 2836 quod
1954 2796 1989 2827 in
2006 2797 2124 2828 eadem
2141 2797 2289 2833 civitate,
2306 2797 2347 2829 de

737 2848 912 2879 voluntate
924 2847 1078 2885 Roberti,
1091 2848 1195 2888 regis,
1209 2850 1241 2880 et
1252 2849 1393 2885 Sanciae,
1406 2848 1530 2888 reginae
1541 2848 1679 2887 Siciliae,
1693 2851 1891 2890 receperunt
1903 2850 1985 2881 etde
1999 2847 2163 2881 ordinarii
2177 2859 2346 2882 consensu

737 2901 905 2934 aedificare
922 2902 1097 2942 coeperunt
1112 2910 1213 2942 opere
1228 2901 1415 2941 plurimum
1430 2903 1643 2943 sumptuoso,
1659 2904 1691 2934 et
1701 2902 1846 2934 habendi
1857 2912 1991 2943 quoque
2004 2903 2232 2935 coemeteri‘um
2243 2913 2346 2944 prope

739 2955 836 2991 illud,
857 2956 892 2986 in
911 2964 977 2995 quo
1002 2955 1069 2996 ipsi
1093 2957 1125 2987 et
1145 2955 1266 2987 fratres
1291 2955 1418 2987 ibidem
1435 2956 1596 2996 degentes
1613 2956 1777 2988 tumulari
1793 2957 1938 2996 possint.
1952 2957 2006 2998 (A.
2024 2959 2075 2993 31,
2092 2957 2115 2987 f.
2135 2959 2175 2989 60
2190 2963 2218 2994 ³,
2241 2957 2274 2988 V.
2292 2959 2343 2995 87,

737 3010 913 3048 ep.2697)
