2560 3476
213 427 318 454 Datum
335 419 518 454 Avenione.

250 688 288 716 21
307 689 376 715 maii
392 687 481 715 1328.

257 735 314 768 (ΧΠ
331 732 390 759 kal.
404 732 481 768 jun.)

292 777 322 803 T.
342 776 437 804 XXIV.

325 901 361 929 Ut
380 910 404 929 ε.

262 946 293 975 T.
314 946 375 979 XII,
396 945 467 975 XIV.

321 1436 358 1464 Ut
384 1445 408 1464 s.

323 1758 360 1786 Ut
376 1766 401 1785 s.

308 1801 340 1829 T.
361 1801 418 1829 XII.

323 2023 360 2052 Ut
379 2031 405 2052 s.

308 2068 339 2096 T.
361 2068 419 2096 XX.

325 2131 362 2159 Ut
378 2139 402 2159 s.

309 2175 341 2204 T.
359 2175 416 2204 XX.

323 2291 360 2319 Ut
376 2300 401 2321 ε.

290 2336 321 2363 Τ.
338 2336 435 2365 XXVI.

326 2453 363 2481 Ut
383 2461 407 2481 s.

272 2497 303 2525 T.
319 2498 366 2532 XI,
382 2498 454 2526 XIII.

324 2720 361 2748 Ut
380 2729 405 2748 s.

273 2765 305 2793 T.
323 2765 370 2800 XI,
386 2765 458 2794 XIII.

582 335 757 367 JOANNIS
779 335 899 366 PAPAE
919 335 1023 382 XXII.
1047 336 1296 374 (1316-1334).
1320 354 1358 359 —
1381 335 1568 366 LITTERAE
1591 335 1818 368 COMMUNES
2156 340 2216 371 261

608 534 696 561 nem,
724 525 882 556 comitem
905 524 1103 562 Pallarien„
1122 524 1202 555 dicti
1226 524 1401 555 Perriconi
1421 525 1724 565 consanguineum,
1743 527 1776 557 et
1803 526 1933 566 patrem
1959 527 2107 566 praefatae
2128 529 2221 560 Mar·

607 578 744 619 quesite,
761 579 832 619 jam
854 578 913 609 diu
930 578 1118 618 vigentem;
1141 577 1352 617 supplicante
1378 578 1566 618 Alphonso,
1592 579 1788 618 Aragonum
1804 588 1894 620 rege.
1918 580 1970 620 (A.
1990 582 2041 617 30,
2064 581 2086 614 f.
2107 583 2167 614 349
2185 588 2218 619 ⁵;

613 632 648 663 V.
664 633 716 669 86,
736 641 788 671 ep.
810 632 916 671 1780.)

653 683 789 715 41233.
814 703 853 708 —
873 685 1036 726 Alphonso
1059 684 1264 722 Ferdinandi,
1291 689 1366 715 nato
1388 684 1544 726 quondam
1563 685 1719 727 Alphonsi
1739 685 1802 727 filii
1820 686 1960 727 Infantis
1972 687 2115 724 Joannis,
2142 689 2216 720 cler.

607 739 773 780 Leqionen.
790 739 848 777 di„
866 748 958 770 conc.
979 739 1145 778 dispens„
1160 739 1370 778 supplicante
1390 738 1565 778 Alphonso
1581 741 1777 779 Aragonum
1794 749 1884 780 rege,
1902 742 1940 772 ut
1957 741 2000 772 ad
2017 741 2218 782 dignitatem

608 803 636 824 c.
656 802 684 825 c.
702 793 756 824 vel
773 802 799 824 s.
818 802 846 824 c.
865 792 957 824 licite
974 792 1084 831 possit
1100 791 1181 832 eligi
1197 793 1229 822 et
1246 791 1386 828 assumi,
1404 792 1537 823 defectu
1553 793 1732 830 natalium,
1752 802 1852 832 quem
1864 794 2002 833 patitur,
2020 804 2096 826 cum
2114 795 2159 826 sit
2176 796 2218 828 de

609 847 721 878 soluto
739 848 772 877 et
789 846 902 877 soluta
917 845 1063 885 genitus,
1080 854 1148 876 non
1163 844 1330 876 obstante.
1349 845 1402 882 (A.
1418 845 1469 882 30,
1487 845 1510 875 f.
1527 847 1588 876 362
1603 845 1632 882 b;
1657 845 1690 877 V.
1711 847 1762 882 86,
1779 855 1831 885 ep.
1850 848 1956 886 1806.)

654 897 791 929 41234.
810 917 846 922 -
864 898 980 931 Ioanni
994 898 1031 929 de
1053 898 1231 935 villaribus,
1248 908 1317 939 cap.
1337 898 1535 928 commensali
1550 903 1579 928 et
1594 898 1758 930 domestico
1775 900 1862 930 Petri
1879 900 2028 932 Portuen.
2055 906 2083 932 et
2104 912 2127 932 s.
2152 901 2218 932 Ru-

608 954 680 994 finae
693 953 768 995 ep.i,
785 953 955 984 indultum
976 951 1185 992 percipiendi
1209 951 1341 982 fructus
1359 951 1616 991 praebendarum
1641 961 1727 992 quas
1744 953 1779 983 in
1798 953 1986 993 collegiatis
2004 955 2159 986 ecclesiis
2176 955 2217 987 de

609 1007 728 1039 Castro
748 1008 781 1038 et
796 1008 835 1038 B.
852 1006 896 1037 M.
919 1006 959 1036 de
975 1006 1065 1036 Salis
1085 1005 1268 1036 Bituricen.
1288 1006 1321 1035 et
1339 1013 1366 1035 s.
1387 1005 1506 1036 Ursini
1522 1005 1723 1042 Bituricen.‚
1751 1015 1881 1037 necnon
1905 1007 2112 1046 parochialis
2135 1009 2215 1040 eccl.

608 1061 648 1091 de
665 1060 878 1100 Garigniaco,
895 1059 1080 1091 Bituricen.
1097 1058 1157 1096 di„
1178 1059 1251 1097 (100
1267 1058 1327 1089 lib.
1342 1059 1422 1095 tur„
1440 1067 1506 1090 sec.
1525 1059 1700 1099 antiquam
1715 1061 1784 1090 tax.
1806 1059 1891 1097 dee,
1914 1061 2216 1093 distributionibus

608 1113 817 1153 quotidianis
831 1113 993 1152 exceptis,
1011 1112 1162 1143 valorem
1179 1120 1329 1143 annuum
1347 1120 1414 1142 non
1426 1112 1654 1152 excedentes),
1671 1113 1706 1143 in
1724 1113 1840 1153 aliqua
1857 1113 2011 1152 ipsarum
2023 1115 2216 1151 residendo,

608 1169 640 1198 et
657 1167 820 1207 quamdiu
843 1166 984 1198 morbus
1010 1165 1146 1197 durabit
1171 1166 1270 1205 quasi
1296 1165 1508 1203 incurabilis,
1535 1167 1638 1205 prout
1660 1166 1853 1198 communis
1881 1167 1982 1198 habet
2007 1169 2218 1200 medicorum

606 1221 738 1255 relatio,
757 1229 823 1260 quo
845 1220 923 1251 visu
936 1213 970 1251 'et
986 1219 1122 1259 loquela
1135 1219 1218 1250 adeo
1237 1220 1398 1259 gravatur
1413 1220 1450 1250 ut
1466 1219 1508 1250 ad
1525 1219 1792 1259 impendendum
1816 1220 1851 1251 in
1868 1220 1969 1252 dictis
1987 1221 2143 1262 ecclesiis
2162 1222 2218 1254 de-

606 1274 716 1305 bitum
732 1273 935 1314 obsequium
953 1273 1138 1304 imbecillis
1155 1274 1187 1304 et
1208 1273 1307 1312 quasi
1329 1272 1499 1312 impotens
1515 1273 1688 1305 reddatur.
1711 1292 1749 1297 -
1775 1275 1799 1303 1.
1826 1282 1856 1305 e.
1878 1283 1924 1305 m.
1946 1274 1986 1306 de
2009 1284 2038 1306 s.
2063 1276 2218 1307 Amando

607 1328 786 1365 sarlaten„
800 1329 834 1359 et
850 1336 877 1358 s.
897 1327 1057 1367 Supplitii
1071 1327 1256 1358 Bituricen.
1275 1327 1420 1357 monast.
1441 1326 1633 1363 abbatibus,
1652 1335 1690 1358 ac
1706 1327 1833 1358 archid.
1853 1328 2072 1360 Bituricensi.
2094 1329 2146 1368 (A.
2166 1331 2218 1367 30,

607 1381 629 1412 f.
647 1382 708 1413 389
727 1387 759 1417 ⁸3
780 1380 812 1411 V.
831 1382 882 1417 86,
902 1389 955 1420 ep.
976 1380 1082 1420 1862.)

652 1432 790 1465 41235.
812 1453 849 1458 -
874 1433 1040 1475 Manfredo
1056 1433 1200 1474 Huyonis
1224 1433 1330 1470 Adrae,
1349 1443 1430 1465 mon.
1458 1438 1590 1465 monast.
1615 1444 1642 1465 s.
1669 1434 1790 1466 Genesiz'
1811 1434 1847 1466 de
1871 1434 2020 1473 Βενεὶἶῖο,
2041 1435 2074 1467 O.
2105 1436 2140 1467 S.
2165 1436 2218 1472 B.‚

592 1476 751 1520 'Parmem
770 1487 828 1526 di„
847 1488 999 1528 dispens.
1015 1489 1052 1519 ut
1068 1495 1186 1519 vocem
1210 1489 1242 1518 et
1259 1487 1371 1518 locum
1393 1487 1428 1518 in
1446 1487 1595 1527 capitulo
1617 1488 1652 1518 in
1668 1488 1743 1527 ipso
1761 1488 1970 1520 monasterio
1986 1488 2109 1520 habere
2129 1491 2160 1521 et
2176 1490 2219 1520 ad

607 1542 766 1582 quaelibet
783 1542 966 1582 prioratus,
987 1541 1193 1579 administr.,
1222 1541 1327 1581 dign.,
1347 1541 1381 1572 et
1400 1541 1456 1572 off.
1475 1551 1503 1573 c.
1522 1550 1550 1572 c.
1569 1541 1625 1572 vel
1640 1551 1669 1573 s.
1689 1552 1730 1579 (κ,
1751 1542 1837 1573 citra
1860 1543 1975 1574 tamen
2001 1542 2220 1580 abbatialem,

607 1596 689 1627 dicti
706 1597 853 1627 monast.
869 1595 1000 1627 assumi
1016 1595 1138 1631 valeat,
1154 1603 1221 1626 non
1239 1594 1327 1626 obst.
1348 1595 1438 1634 quod
1458 1595 1586 1626 dudum
1602 1595 1640 1628 O.
1660 1595 1699 1626 F.
1722 1596 1759 1626 P.
1779 1596 1958 1635 professus
1975 1596 2157 1632 extitisset,
2176 1596 2217 1628 de

607 1658 686 1689 quo,
705 1649 746 1681 de
762 1649 941 1681 suitamen
955 1648 1305 1688 superiorislicentia,
1325 1649 1366 1679 ad
1381 1648 1509 1680 dictum
1525 1648 1563 1680 O.
1583 1649 1616 1680 S.
1637 1649 1676 1680 B.
1694 1658 1730 1680 se
1750 1649 1938 1680 transtulit.
1952 1649 2006 1690 (A.
2021 1651 2072 1687 30,
2092 1650 2114 1681 f.
2135 1652 2194 1682 389
2207 1650 2221 1671 ¹³

607 1704 640 1735 et
658 1705 718 1735 399
733 1703 764 1741 ¹’;
785 1702 819 1734 V.
836 1704 888 1739 86,
906 1711 960 1743 ep.
977 1703 1084 1741 1884.)

651 1753 789 1786 41236.
815 1773 854 1779 -
879 1755 1055 1787 Ber-trando
1071 1765 1142 1796 ep.o
1160 1755 1287 1793 Ostien„
1311 1755 1351 1786 A.
1372 1755 1406 1786 S.
1426 1755 1539 1796 leym,
1560 1756 1674 1787 mand.
1695 1757 1732 1787 ut
1749 1756 1918 1787 auxilium
1937 1756 2086 1796 praebeat
2101 1757 2222 1789 libera-

607 1810 694 1842 tioni
714 1810 854 1841 Antonii
878 1811 911 1841 et
931 1809 1085 1841 Guidotti
1110 1809 1151 1840 de
1176 1809 1403 1848 Summaripa,
1430 1809 1586 1846 fratrum,
1612 1811 1645 1840 et
1672 1810 1811 1849 Rogerii
1832 1810 1872 1841 de
1897 1810 2081 1846 Solcarico,
2102 1819 2221 1842 eorum

609 1863 780 1898 avunculi,
799 1863 926 1894 civium
949 1863 1111 1900 Laudeu„
1132 1862 1272 1893 honoris
1289 1862 1322 1894 S.
1346 1863 1387 1894 R.
1407 1862 1445 1893 Ε.
1465 1862 1663 1900 zelatorum,
1683 1863 1741 1902 qui
1759 1871 1778 1893 a
1799 1862 1958 1903 gentibus
1973 1863 2109 1895 Mathaei
2125 1864 2221 1895 Vice-

609 1917 747 1948 comitis
763 1918 796 1948 et
813 1916 990 1948 Passarini
1010 1916 1051 1947 de
1073 1916 1224 1951 Mantua,
1239 1915 1488 1953 haereticorum,
1507 1916 1597 1955 capti
1614 1917 1647 1947 et
1664 1916 1791 1947 carceri
1815 1916 2000 1956 mancipati
2022 1919 2118 1954 sunt;
2143 1926 2222 1957 sup-

609 1970 756 2011 plicante
779 1970 927 2002 Mathaeo
944 1970 985 2001 de
1009 1969 1238 2008 Summaripa‚
1258 1969 1368 2000 milite
1386 1969 1568 2000 Laudensi.
1587 1969 1642 2009 (A.
1661 1970 1713 2007 30,
1733 1968 1758 2000 f.
1783 1970 1843 2000 413
1862 1969 1891 2007 b;
1918 1969 1953 2001 V.
1974 1970 2024 2007 86,
2043 1979 2095 2010 ep.
2115 1971 2222 2010 1939.)

654 2021 793 2054 41237.
811 2041 850 2047 -
865 2022 1039 2064 Alplzonso,
1065 2023 1132 2063 reqi
1152 2022 1345 2063 Arayonum,
1367 2022 1538 2053 indultum
1557 2024 1593 2053 ut
1616 2023 1823 2063 quicumque
1846 2023 2005 2054 sacerdos
2023 2024 2088 2063 ipsi
2113 2033 2222 2056 sacra-

609 2078 760 2110 mentum
775 2077 999 2109 Eucharistiae
1013 2076 1212 2108 ministrare
1229 2076 1352 2107 valeat.
1369 2075 1424 2116 (A.
1439 2077 1489 2114 31,
1507 2075 1531 2107 f.
1548 2077 1609 2108 206
1627 2075 1656 2112 b;
1683 2075 1716 2106 V.
1735 2077 1787 2112 87,
1804 2085 1857 2116 ep.
1875 2077 1979 2117 2987.)

654 2128 791 2160 41238.
817 2148 857 2154 —
878 2130 995 2161 Eidem
1010 2130 1131 2161 indult.
1150 2130 1299 2170 eligendi
1319 2129 1550 2161 confessorem
1565 2130 1623 2169 qui
1641 2130 1754 2170 ipsum
1773 2139 1792 2161 a
1806 2130 1955 2170 peccatis
1973 2130 2149 2162 absolvere
2166 2140 2221 2162 va-

609 2185 688 2222 leat,
702 2185 885 2216 dummodo
901 2184 985 2216 talia
997 2193 1066 2216 non
1079 2183 1148 2215 sint
1164 2184 1303 2223 propter
1319 2192 1393 2223 quae
1408 2183 1440 2215 S.
1458 2184 1499 2215 A.
1516 2184 1561 2214 sit
1572 2183 1695 2215 merito
1707 2183 1925 2215 consulenda.
1939 2184 1992 2223 (A.
2007 2186 2058 2220 31,
2076 2184 2097 2215 f.
2117 2186 2176 2217 206
2188 2185 2202 2206 b
2210 2195 2220 2222 3

616 2238 649 2270 V.
668 2239 720 2276 87,
739 2247 792 2278 ep.
810 2238 916 2278 2988.)

654 2289 792 2322 41239.
808 2308 848 2314 -
861 2291 978 2323 Eidem
990 2291 1160 2323 indultum
1176 2291 1324 2331 eligendi
1342 2291 1574 2322 confessorem
1590 2291 1648 2331 qui
1663 2290 1730 2331 ipsi
1745 2291 1780 2322 in
1796 2292 1917 2323 mortis
1933 2292 2099 2331 periculo,
2114 2292 2221 2324 semel

609 2347 753 2384 tantum,
771 2346 926 2378 omnium
939 2346 1155 2386 peccatorum
1172 2353 1314 2376 suorum
1331 2345 1571 2376 remissionem
1588 2345 1772 2376 concedere
1786 2345 1909 2376 valeat.
1927 2345 1979 2384 (A.
2005 2347 2055 2384 31,
2073 2346 2096 2378 f.
2114 2347 2173 2377 207
2187 2351 2219 2383 ³²5

617 2399 651 2430 V.
666 2401 718 2437 87,
734 2408 788 2439 ep.
804 2400 912 2439 2989.)

655 2450 794 2483 41240.
813 2471 854 2476 -
869 2452 983 2484 Romeo
1004 2452 1040 2484 de
1055 2452 1174 2483 Sancto
1197 2451 1350 2484 Clemente
1365 2451 1517 2492 provisio
1539 2460 1657 2483 canon.
1677 2451 1758 2483 eccl.
1779 2451 2026 2484 Barchinonen.
2045 2452 2109 2484 sub
2123 2461 2220 2493 exsp.

610 2506 714 2547 praeb.
738 2508 772 2538 et
796 2507 1029 2547 praepositurae
1055 2515 1116 2538 seu
1142 2507 1316 2542 mensatae,
1343 2514 1474 2537 necnon
1498 2505 1765 2545 capellaniarum
1786 2506 1819 2537 et
1846 2505 2026 2538 domorum
2050 2507 2223 2538 canonicis

611 2560 762 2600 ejusdem
780 2560 932 2592 ecclesiae
951 2559 988 2591 in
1006 2559 1119 2592 benef.
1139 2559 1309 2599 assignari
1329 2560 1587 2596 consuetarum3
1613 2559 1744 2590 consid.
1772 2558 1951 2598 Alphonsi,
1978 2560 2070 2599 regis
2097 2560 2223 2600 Arago-

610 2623 703 2646 num.
720 2632 759 2637 —
777 2614 804 2646 Ι.
830 2623 860 2646 e.
884 2622 930 2645 m.
951 2622 1056 2654 praep.
1071 2613 1313 2651 Terraconen,
1334 2613 1368 2644 et
1382 2613 1584 2644 Tirasonen.
1604 2620 1643 2644 ac
1665 2621 1693 2644 S.
1719 2612 1889 2653 Engratiae
1912 2613 2032 2645 Oscen.
2060 2613 2222 2644 archid.is

610 2668 692 2701 eccl.
708 2668 761 2707 (A.
781 2669 832 2706 31,
851 2667 876 2699 f.
895 2669 956 2699 250
974 2672 1003 2703 ·;
1029 2667 1066 2699 V.
1084 2668 1135 2704 88,
1155 2675 1207 2707 ep.
1226 2667 1332 2706 3078.)

657 2718 792 2751 41241.
812 2738 850 2745 -
870 2720 1022 2753 Boderico
1042 2721 1169 2762 Zapata
1189 2721 1419 2757 reservantur,
1437 2719 1567 2751 consid.
1590 2719 1759 2759 Alphonsi
1776 2719 1867 2759 regis
1884 2720 2094 2759 Aragonum,
2113 2727 2220 2750 unum

611 2784 630 2807 e
645 2785 693 2806 ιιι
715 2775 802 2807 locis
820 2774 1115 2815 presbyteralibus
1137 2774 1173 2806 in
1190 2773 1337 2805 ecclesia
1354 2772 1570 2805 Gerundensi
1586 2771 1829 2807 existentibus,
1848 2780 1993 2812 quorum
2014 2771 2218 2812 presbyteri,

611 2828 692 2860 licet
704 2837 772 2860 non
788 2829 1027 2868 nuncupentur
1042 2827 1207 2865 canonici,
1225 2827 1424 2867 praebendas
1440 2827 1554 2858 tamen
1569 2825 1737 2865 recipiunt
1752 2825 1790 2856 ut
1810 2824 1964 2856 canonici
1980 2825 2013 2855 et
2027 2833 2144 2856 vocem
2161 2825 2220 2856 ha-

611 2881 693 2913 bent
707 2882 742 2913 in
759 2882 921 2921 capitulo,
941 2883 1040 2921 atque
1054 2881 1097 2912 ad
1112 2881 1313 2912 electionem
1333 2881 1366 2911 et
1378 2881 1543 2911 tractatus
1559 2886 1756 2910 communes
1773 2877 1861 2909 alios
1877 2879 2050 2917 tamquam
2067 2878 2220 2910 canonici

612 2935 765 2975 ejusdem
782 2935 864 2966 eccl.
890 2935 1130 2972 admittuntur,
1151 2942 1281 2965 necnon
1298 2932 1449 2965 officium
1468 2941 1529 2963 seu
1550 2931 1662 2963 benef.
1682 2939 1710 2962 c.
1728 2940 1756 2962 c.
1776 2930 1832 2962 vel
1854 2939 1882 2961 s.
1902 2939 1943 2968 c.,
1968 2939 2006 2962 ac
2023 2931 2219 2971 capellaniae

610 2990 646 3020 et
661 2987 894 3028 praestimonia
911 2987 1015 3019 unius
1031 2996 1075 3019 ex
1092 2987 1194 3019 dictis
1209 2996 1259 3018 ιιι
1279 2985 1493 3026 presbyteris
1515 2993 1553 3016 ac
1571 2984 1721 3016 officium
1739 2992 1801 3016 seu
1821 2983 1932 3015 benef.
1956 2983 2153 3022 obtinentis,
2170 2993 2220 3016 ee-

612 3041 724 3073 dentis
747 3041 802 3072 vel
827 3040 1037 3078 decedentis;
1056 3048 1124 3071 non
1150 3039 1238 3071 obst.
1268 3039 1359 3079 quod
1383 3039 1418 3069 in
1444 3038 1524 3069 eccl.
1551 3036 1799 3073 valentinensi,
1827 3037 1915 3068 auct.
1941 3036 2006 3069 litt.
2032 3037 2219 3070 Clementis
