2560 3476
340 313 401 342 314

369 401 475 428 Datum
497 394 681 429 Avenione.

410 500 449 528 30
463 501 528 535 jun.
549 500 638 528 1328.

427 545 460 580 (11
479 543 538 572 kal.
554 544 622 581 jul.)

484 820 521 847 Ut
537 828 560 847 s.

429 864 460 891 T.
478 864 524 898 XI,
541 864 613 891 XIIl.

480 1140 516 1168 Ut
534 1148 559 1168 3.

464 1186 496 1212 Τ.
514 1186 573 1215 ΧΧ.

482 1623 516 1651 Ut
535 1632 561 1652 3.

448 1668 478 1695 Τ.
501 1668 583 1695 XXX.

478 2050 515 2077 Ut
530 2058 554 2078 s.

443 2094 474 2122 T.
494 2095 588 2122 XXIV.

474 2264 510 2291 Ut
530 2273 556 2292 s.

406 2327 409 2329 ,
460 2309 491 2336 T.
512 2309 568 2337 XL.

475 2424 511 2452 Ut
530 2433 555 2453 3.

439 2469 470 2496 Τ.
492 2470 588 2499 XXVI.

470 2691 508 2719 Ut
528 2700 552 2719 3.

421 2735 453 2764 Τ.
467 2736 514 2770 XI,
530 2736 604 2764 XIII.

474 2958 511 2986 Ut
527 2967 552 2987 s.

747 306 921 338 JOANNlS
945 306 1063 337 PAPAE
1085 305 1188 337 XXII.
1211 306 1460 347 (1316-1334).
1482 324 1520 329 -
1543 305 1731 336 LITTERAE
1753 304 1980 338 COMMUNES

814 497 952 529 41738.
974 517 1010 522 -
1028 498 1174 530 Michaeli
1190 498 1320 539 Rapini,
1340 508 1422 528 mon.
1443 502 1573 530 monast.
1594 497 1631 529 de
1647 497 1809 539 Bwydio,
1830 497 1864 530 0.
1882 498 1920 529 S.
1937 497 1991 534 B„
2010 497 2208 540 Andeqaven.
2227 497 2286 536 di.‚
2301 506 2379 539 gra-

768 554 816 585 tia
831 562 927 593 exsp.
945 553 1128 593 prioratus,
1148 552 1202 583 vel
1218 552 1426 589 administr„
1443 553 1500 583 aut
1514 552 1569 584 off.
1589 560 1650 583 seu
1665 551 1776 583 benef.
1791 560 1820 583 0.
1838 560 1867 583 0.
1883 551 1938 583 vel
1951 560 1981 584 s.
1998 560 2041 590 c.,
2057 551 2101 583 ad
2113 551 2227 583 collat.
2243 550 2378 583 abbatis

770 608 802 638 et
819 615 913 638 conv.
932 606 1085 646 eJusdem
1102 605 1302 636 monasterii
1315 615 1324 642 ;
1344 613 1421 636 cum
1436 604 1643 645 obligatione
1660 604 1855 636 dimittendi
1874 605 2063 645 prioratum
2084 613 2111 636 s.
2130 604 2308 636 Michaelis
2321 613 2379 636 su-

768 669 830 700 pra
843 660 1003 700 Ligerim,
1023 659 1101 690 dicti
1119 659 1205 696 ord.,
1225 659 1398 690 Turonen.
1419 658 1478 695 di.‚
1497 659 1607 690 eidem
1628 658 1834 690 monasterio
1853 658 2050 690 immediate
2065 657 2266 698 subjectum,
2283 658 2375 697 (301.

767 714 807 752 t.)
821 731 862 735 —
876 714 902 744 Ι.
916 722 943 744 e.
964 722 1007 744 m.
1028 713 1153 744 decano
1171 721 1199 743 s.
1219 711 1382 743 Germani
1399 711 1664 749 Autisiodoren.‚
1683 712 1866 751 Parisien„
1885 713 1918 743 et
1931 711 2136 750 subdecano,
2152 720 2190 743 ac
2203 719 2292 752 mag.
2309 711 2377 744 Oli-

766 767 860 798 verio
883 767 923 798 de
938 767 1090 803 Cerzeto,
1107 774 1179 797 can.
1197 766 1368 797 Pictaven.
1386 765 1481 801 eccl„
1500 765 1603 805 Papae
1619 774 1691 805 cap.
1710 766 1762 804 (A.
1777 766 1829 803 30,
1845 765 1868 797 f.
1885 767 1946 797 654
1963 765 1977 787 b
1986 776 1996 803 ;
2018 765 2054 797 V.
2071 766 2123 804 87,
2141 773 2193 805 ep.
2210 765 2318 804 2520.)

811 818 951 850 41739.
966 838 1008 843 --
1022 820 1129 857 Petro,
1147 824 1220 849 nato
1240 818 1386 850 Guidocii
1399 819 1436 848 de
1457 818 1604 855 Viterbio,
1623 819 1732 859 gratia
1746 827 1843 858 exsp.
1861 818 1972 850 benef.
1986 828 2015 851 c.
2031 828 2060 850 c.
2074 818 2128 850 vel
2143 827 2172 851 3.
2183 815 2378 856 c.,'etiamsi

767 874 858 915 dign.
876 874 929 905 vel
944 875 1147 913 personatus
1162 873 1298 909 existat,
1316 873 1356 903 ad
1375 872 1592 904 collationem
1608 872 1677 913 ep.i
1692 874 1725 904 et
1740 872 1881 913 capituli
1897 871 2101 904 Urbevetan.
2118 873 2293 912 spectans,
2310 880 2379 904 non

767 927 854 959 obst.
873 928 908 958 in
925 928 1130 959 Urbevetan.
1147 927 1228 957 etin
1248 935 1276 957 s.
1293 925 1429 958 Mathaei
1446 925 1635 957 Viterbien.
1654 926 1734 958 eccl.
1754 934 1873 958 canon.
1890 927 1922 958 et
1939 925 2043 966 praeb.
2062 944 2101 949 —
2124 926 2151 957 I.
2172 934 2202 957 e.
2221 933 2268 957 m.
2287 933 2377 966 mag.

766 981 916 1013 Manueli
933 981 972 1012 de
990 981 1114 1018 Flisco,
1134 989 1207 1011 can.
1224 979 1434 1016 Atrebaten,
1454 980 1557 1020 Papae
1571 981 1655 1017 not„
1670 981 1704 1011 et
1719 979 1834 1011 abbati
1849 981 1993 1011 monast.
2014 988 2043 1011 s.
2061 979 2178 1011 Severi
2194 987 2299 1019 prope
2315 979 2379 1012 Ur-

766 1035 1006 1071 bemveterem,
1023 1043 1061 1065 ac
1075 1043 1178 1074 praep.
1199 1034 1280 1065 eccl.
1299 1042 1327 1064 s.
1356 1033 1515 1065 Cristinae
1532 1034 1573 1064 de
1600 1033 1764 1069 Bolseno,
1791 1032 1996 1065 Urbevetan.
2026 1033 2071 1064 di.
2089 1033 2143 1074 (A.
2159 1033 2211 1068 30,
2228 1032 2251 1064 f.
2269 1033 2329 1064 652
2346 1037 2376 1070 ⁸3

799 1112 805 1119 .
864 1112 872 1125 ,
936 1112 942 1119 .
964 1090 982 1118 2
1006 1089 1023 1118 2
1047 1111 1054 1119 .

771 1088 797 1119 V
812 1090 949 1170 48177213).
964 1090 1005 1161 —5
1021 1091 1071 1170 in)
1078 1139 1275 1170 Valtsaclzsen
1284 1143 1312 1169 et
1323 1139 1355 1169 in
1371 1138 1527 1175 Eberacla
1544 1138 1749 1180 Ratisponen.
1764 1142 1793 1169 et
1806 1137 2038 1179 Herbipolensis
2050 1137 2107 1176 di.‚
2120 1137 2378 1169 monasteriorum

767 1193 938 1231 abbatibus,
957 1203 994 1224 ac
1011 1203 1089 1234 may.
1112 1192 1202 1224 Golia
1220 1192 1257 1224 de
1273 1193 1430 1230 Arimino,
1453 1202 1521 1223 can.
1550 1192 1796 1223 Ravennatensis
1812 1191 1897 1231 eccl„
1925 1192 2038 1223 mand.
2067 1193 2106 1223 ut
2119 1191 2282 1223 Hainrico
2297 1191 2378 1223 Pin-

767 1256 877 1285 cerne,
895 1247 934 1278 de
951 1247 1136 1284 Reichoek,
1154 1246 1328 1278 conferant
1342 1246 1541 1277 decanatum
1559 1246 1640 1277 eccl.
1659 1246 1883 1286 Ratisponen.
1902 1247 1955 1284 (12
1970 1245 2098 1277 march.
2118 1246 2216 1286 arg),
2238 1245 2378 1285 propter

766 1301 972 1332 discordiam
989 1300 1130 1340 capituli
1147 1300 1299 1340 eJusdem
1315 1299 1410 1338 eccl„
1427 1300 1469 1330 ad
1485 1308 1571 1340 quos
1589 1299 1710 1331 electio
1722 1299 1839 1331 decani
1855 1299 1980 1330 dicitur
1993 1299 2176 1339 pertinere,
2189 1299 2284 1330 tanto
2295 1299 2378 1330 tem-

765 1363 847 1394 pore
861 1355 1035 1385 vacantem
1052 1354 1141 1394 quod
1159 1353 1233 1394 ejus
1251 1353 1388 1384 collatio
1407 1354 1438 1384 S.
1460 1354 1500 1384 A.
1521 1353 1682 1384 devoluta
1699 1355 1767 1388 est;
1789 1361 1856 1384 non
1871 1352 1958 1384 obst.
1978 1352 2014 1383 in
2027 1352 2145 1384 eadem
2164 1351 2307 1384 ecclesia
2323 1359 2377 1384 ca-

766 1417 845 1439 non.
864 1409 896 1439 et
911 1407 1027 1447 proeb„
1048 1409 1080 1438 et
1101 1407 1307 1447 quibusdam
1327 1407 1450 1438 annuis
1476 1406 1642 1438 fructibus
1666 1406 1924 1438 obedientiariis
1949 1406 2136 1446 vulgariter
2162 1405 2377 1445 nuncupatis,

766 1461 879 1493 solitis
897 1462 1008 1501 ipsius
1025 1461 1106 1492 eccl.
1129 1461 1303 1492 canonicis
1319 1460 1500 1500 assignari,
1526 1461 1559 1491 et
1580 1459 1767 1500 parochiali
1794 1460 1876 1491 eccl.
1907 1468 1936 1491 s.
1966 1458 2120 1492 Udalrici
2138 1459 2378 1499 Ratisponen„

766 1524 868 1555 quam
885 1515 1035 1546 nondum
1066 1516 1244 1546 assecutus
1274 1515 1337 1551 est,
1365 1522 1535 1554 quamque
1563 1513 1735 1545 dimittere
1761 1513 1905 1545 tenetur.
1936 1513 1991 1553 (A.
2018 1515 2069 1551 30,
2095 1512 2118 1544 f.
2143 1514 2203 1544 655
2222 1517 2252 1550 ²3
2271 1511 2308 1544 V.
2325 1513 2378 1550 87,

765 1578 818 1609 ep.
837 1570 942 1607 2523.)
1436 1578 1439 1582 ·

810 1619 946 1652 41741.
968 1640 1005 1644 -
1025 1621 1195 1663 Archiep.o
1214 1621 1432 1657 Cantuarien.‚
1448 1626 1476 1651 et
1490 1620 1618 1661 Huyom·
1631 1620 1667 1651 de
1679 1620 1876 1660 Enqolz'sma,
1894 1619 2012 1651 archid.
2031 1619 2246 1655 Cantuarien.,
2261 1629 2296 1650 ac
2311 1619 2379 1650 An·

765 1676 848 1707 tonio
863 1676 956 1712 Belae,
974 1675 1162 1706 cancellario
1176 1675 1371 1706 Lincolnien.
1388 1673 1473 1710 ech,
1492 1674 1606 1706 mand.
1625 1674 1666 1704 ad
1683 1674 1881 1705 instantiam
1898 1682 1930 1705 n.
1951 1683 1983 1704 v.
1997 1673 2151 1710 Henrici‚
2169 1673 2378 1704 Lancastriae

765 1731 797 1761 et
818 1729 1014 1761 Laicestriae
1028 1729 1174 1766 comitis,
1192 1728 1324 1768 AngIIoe
1345 1727 1539 1765 senescalli,
1555 1729 1592 1758 ut
1608 1727 1823 1767 praebendam
1841 1727 1881 1758 de
1898 1726 2095 1758 Eccleshale
2111 1727 2147 1757 in
2163 1726 2309 1758 ecclesia
2319 1726 2377 1758 Li-

763 1783 963 1819 chefelden„
979 1791 1080 1822 quam
1097 1783 1116 1813 J
1120 1791 1246 1813 oannes
1264 1782 1304 1812 de
1320 1781 1556 1821 Kinardeseye
1571 1780 1700 1812 obtinet
1720 1781 1885 1820 cujusque
1901 1780 2067 1818 redditus,
2087 1780 2167 1812 licet
2191 1779 2378 1812 secundum

762 1837 830 1868 tax.
849 1836 988 1867 decimae
1014 1837 1071 1867 100
1090 1835 1216 1866 march.
1247 1835 1402 1874 sterling.
1424 1834 1576 1865 valorem
1599 1843 1750 1865 annuum
1774 1843 1841 1865 non
1866 1834 2042 1872 excedant,
2069 1834 2181 1865 tamen
2197 1834 2278 1866 sunt
2292 1833 2379 1865 satis

763 1890 920 1930 pingues,
938 1890 973 1920 in
992 1891 1062 1920 tres
1080 1889 1254 1928 portiones
1271 1888 1439 1926 dividant,
1459 1888 1499 1919 de
1521 1896 1665 1928 quarum
1682 1887 1815 1918 duabus
1833 1888 1919 1919 duas
1935 1887 2135 1927 praebendas
2157 1885 2378 1919 honorabiles

763 1944 931 1980 ordinent,
951 1945 983 1975 et
1000 1943 1136 1974 tertiam
1154 1943 1281 1973 decano
1300 1951 1337 1972 ac
1354 1941 1503 1981 capitulo
1519 1941 1672 1981 ejusdem
1690 1941 1841 1973 ecclesiae
1858 1949 1919 1981 pro
1936 1941 2044 1972 divini
2061 1940 2174 1972 cultus
2196 1941 2378 1981 augmento

763 1997 795 2029 et
812 1996 973 2028 oneribus
983 1996 1093 2035 ipsius
1102 1996 1181 2027 eccl.
1200 1995 1337 2026 facilius
1351 1995 1593 2035 supportandis
1605 1995 1792 2036 assignent.
1806 1994 1859 2034 (A.
1870 1995 1921 2031 30,
1935 1994 1959 2025 f.
1970 1996 2030 2026 660
2044 1999 2072 2032 ⁸;
2092 1993 2126 2026 V.
2139 1995 2192 2032 87,
2205 2002 2257 2034 ep.
2269 1994 2375 2032 2528.)

809 2048 949 2080 41742.
969 2067 1010 2072 -
1028 2049 1121 2080 Petro
1139 2049 1274 2090 Georqii,
1293 2049 1408 2089 presbq
1424 2058 1515 2090 perp.
1541 2058 1612 2089 cap.
1637 2048 1748 2079 altaris
1771 2048 1913 2078 Omnium
1931 2048 2121 2078 Sanctorum
2139 2048 2193 2078 siti
2206 2048 2240 2078 in
2255 2046 2378 2089 capella

762 2104 895 2134 claustri
918 2103 1050 2134 ecclesiae
1068 2102 1239 2139 Colonien„
1254 2103 1326 2143 jam
1342 2102 1540 2142 dispensato
1568 2111 1671 2142 super
1695 2102 1827 2133 defectu
1850 2111 1910 2133 seu
1936 2102 2070 2133 macula
2085 2110 2187 2141 quam
2204 2101 2240 2132 in
2256 2101 2376 2133 dextro

762 2158 859 2189 oculo
876 2158 1017 2198 patitur,
1037 2157 1188 2196 dispens.
1204 2158 1241 2187 ut
1255 2155 1349 2187 aliud
1364 2155 1569 2186 beneficium
1585 2165 1613 2187 s.
1632 2164 1658 2187 c.
1680 2155 1830 2195 recipere
1856 2157 1890 2187 et
1912 2164 1988 2186 cum
2011 2154 2100 2187 dicto
2117 2155 2218 2186 altari
2232 2155 2376 2186 retinere

761 2212 884 2242 valeat.
907 2211 959 2250 (A.
974 2212 1026 2248 30,
1045 2211 1068 2242 f.
1084 2212 1144 2242 666
1160 2216 1191 2248 ²3
1210 2210 1247 2241 V.
1265 2211 1316 2247 87,
1335 2218 1388 2249 ep.
1407 2211 1512 2247 2550.)

809 2261 948 2295 41743.
965 2281 1004 2286 -—
1022 2264 1051 2294 F
1051 2263 1198 2296 Iorentin.
1213 2268 1242 2294 et
1257 2263 1395 2294 Nuceria
1410 2263 1484 2303 ep.i,
1499 2267 1591 2303 atque
1606 2262 1697 2293 obbas
1712 2263 1891 2293 monasterii
1905 2272 1929 2294 s.
1947 2261 2037 2292 Petri
2053 2261 2198 2293 Perusin.
2213 2261 2376 2301 deputan-

760 2319 816 2349 tur
834 2319 869 2349 ut
887 2320 1156 2356 conservatores,
1175 2317 1217 2348 ad
1232 2317 1515 2356 quinquennium,
1533 2325 1594 2356 pro
1608 2316 1771 2352 Ranerio,
1787 2325 1864 2356 ep.o
1884 2315 2064 2347 Cortonen.
2083 2315 2136 2355 (A.
2155 2316 2207 2354 29,
2227 2314 2252 2345 f.
2268 2315 2327 2346 152
2344 2313 2374 2352 ¹³;

768 2371 804 2402 V.
823 2372 875 2408 87,
893 2380 945 2410 ep.
963 2372 1070 2409 2655.)

809 2421 945 2454 41744.
964 2442 1003 2447 -
1018 2424 1146 2461 Joanm‘,
1164 2433 1232 2464 ep.o
1250 2423 1402 2459 Massam,
1418 2423 1600 2455 mandatur
1618 2424 1654 2454 ut
1670 2422 1796 2454 Jacobo
1813 2423 1853 2454 de
1869 2423 2044 2459 Suvereto,
2062 2422 2189 2462 presb.,
2210 2421 2370 2453 canonico

760 2477 872 2517 plebis
889 2477 1079 2518 Campiliae,
1096 2478 1244 2508 Massan.
1262 2477 1321 2514 di.‚
1341 2477 1492 2508 conferat
1507 2477 1644 2517 plebem
1665 2486 1691 2507 s.
1710 2477 1802 2508 Justi
1826 2477 1866 2508 de
1890 2477 2064 2512 Suvereto,
2086 2485 2114 2507 c.
2142 2484 2184 2512 c.,
2202 2475 2298 2506 dictae
2314 2474 2374 2512 di.‚

761 2540 834 2571 quae
848 2531 1029 2570 collegiata
1044 2532 1077 2561 et
1095 2531 1130 2561 in
1145 2531 1249 2562 terris
1265 2530 1397 2562 Tuscize
1422 2531 1552 2567 existit,
1575 2531 1663 2570 apud
1689 2530 1723 2561 S.
1749 2531 1802 2568 Α.,
1827 2530 1955 2570 praevia
1978 2529 2128 2570 generali
2144 2528 2376 2560 reservatione

761 2585 915 2616 omnium
935 2584 1156 2616 ecclesiarum
1176 2584 1434 2624 collegiatarum
1463 2584 1661 2615 earumdem
1688 2584 1868 2621 terrarum,
1897 2592 1960 2623 per
1989 2582 2118 2614 obitum
2144 2581 2319 2614 Francisci
2333 2581 2376 2613 de

760 2639 854 2671 Roca
868 2640 1056 2669 vacantem.
1078 2638 1130 2676 (A.
1148 2639 1199 2672 31,
1216 2637 1240 2668 f.
1255 2638 1296 2668 50
1309 2642 1336 2674 ²5
1359 2637 1395 2669 V.
1413 2639 1463 2674 87,
1482 2646 1534 2676 ep.
1552 2638 1659 2675 2668.)

807 2688 945 2721 41745.
973 2708 1011 2713 -
1028 2690 1149 2722 Simoni
1166 2690 1202 2721 de
1219 2690 1363 2722 Scarlino
1379 2690 1532 2730 provisio
1549 2699 1668 2721 canon.
1684 2689 1748 2721 sub
1763 2699 1858 2730 exsp.
1879 2689 1980 2729 prael).
2006 2689 2087 2721 eccl.
2111 2688 2271 2735 Senensis
2280 2697 2290 2724 ς
2307 2696 2375 2720 11011

761 2744 847 2776 obst.
865 2745 963 2784 plebe
979 2745 1019 2775 de
1036 2744 1219 2780 Marciana,
1236 2744 1276 2775 de
1292 2752 1359 2784 qua
1374 2743 1459 2775 nihil
1475 2743 1633 2783 percipit,
1659 2745 1691 2775 et
1714 2743 1749 2774 in
1767 2743 1955 2783 Campiliae,
1975 2745 2006 2774 et
2023 2742 2180 2775 Suvereti
2198 2741 2369 2781 plebibus,

761 2798 910 2830 Massan.
927 2798 987 2834 di.‚
1007 2807 1124 2829 canon.
1143 2806 1172 2828 s.
1190 2806 1232 2834 c.,
1250 2797 1307 2837 qui
1324 2797 1425 2836 pauci
1453 2797 1579 2828 valoris
1596 2796 1750 2828 existunt
1774 2798 1807 2828 et
1838 2797 1879 2827 de
1901 2796 2027 2836 quibus
2051 2803 2226 2835 nunquam
2245 2794 2375 2834 aliquid

759 2852 920 2891 percepit.
937 2869 976 2873 —
993 2852 1019 2882 I.
1039 2860 1067 2882 e.
1088 2860 1134 2881 m.
1151 2850 1322 2890 archiep.o
1338 2850 1469 2888 Pisan,
1486 2859 1562 2890 ep.o
1581 2850 1744 2888 Massan„
1762 2851 1794 2881 et
1812 2849 1920 2890 priori
1937 2849 2111 2881 saecularis
2122 2849 2201 2880 eccl.
2218 2848 2251 2880 S.
2270 2848 2314 2880 M.
2333 2848 2376 2879 de

761 2905 866 2942 Tatti,
885 2905 1084 2937 Grossetan.
1100 2904 1146 2935 di.
1166 2905 1218 2943 (A.
1235 2906 1285 2942 31,
1303 2905 1324 2934 f.
1338 2906 1377 2935 47
1394 2909 1422 2941 ὃς
1447 2903 1483 2935 V.
1501 2905 1554 2941 87,
1571 2912 1623 2943 ep.
1643 2905 1751 2942 2669.)

805 2956 942 2988 41746.
965 2976 1004 2982 -
1020 2958 1136 2990 Joanm'
1153 2957 1187 2989 S.
1207 2957 1362 2988 Theodori
1377 2957 1456 2990 diac.
1475 2957 1575 2995 card„
1595 2957 1634 2988 A.
1651 2957 1687 2988 S.
1713 2957 1825 2998 leym,
1844 2957 1955 2988 mand.
1979 2957 2017 2988 ut
2032 2956 2173 2988 Nicolao
2194 2953 2373 2992 Guidonis,

759 3012 858 3050 laico,
875 3014 954 3044 nato
972 3012 1141 3044 Guidonis
1158 3012 1329 3052 quondam
1346 3011 1469 3043 Beordi
1483 3011 1523 3043 de
1541 3011 1730 3049 Ubertinis,
1749 3010 1837 3043 civis
1854 3009 2193 3048 Aretin.,committat
2206 3007 2374 3048 hospitale
