2560 3476
329 297 390 327 336

358 385 462 412 Datum
485 377 669 413 Avenione.

367 698 402 726 15
420 698 483 733 (id.)
495 698 555 732 Μ.
575 697 663 726 1328.

459 743 490 770 T.
510 742 568 770 XX.

474 907 509 935 Ut
525 915 549 934 s.

458 952 489 979 T.
509 952 566 979 XX.

474 1285 511 1313 Ut
527 1294 550 1312 s.

448 1331 479 1358 T.
501 1331 581 1358 XXX.

469 2035 504 2063 Ut
524 2044 549 2062 s.

437 2080 467 2107 T.
485 2080 581 2108 XXIII.

470 2570 507 2598 Ut
527 2579 551 2598 s.

416 2614 447 2641 T.
463 2614 510 2649 XI,
526 2615 597 2642 XIII.

726 292 901 324 JOANNIS
923 292 1043 324 PAPAE
1065 293 1168 324 XXII.
1192 293 1443 334 (1816-1334).
1464 311 1503 317 —
1526 292 1714 324 LITTERAE
1736 292 1963 324 COMMUNES

756 481 948 521 thomagen.
971 481 1035 518 di.;
1056 490 1121 512 non
1140 480 1226 513 obst.
1246 481 1282 512 in
1302 481 1438 520 paroch.
1461 481 1502 513 de
1528 481 1671 513 Billiaco
1688 491 1793 522 supra
1810 482 1938 515 Urcum
1961 482 2108 523 quadam
2128 491 2222 523 perp.
2242 481 2363 523 capell.

757 543 785 566 s.
803 543 846 571 c..
863 536 895 565 et
917 534 952 565 in
973 535 1151 575 collegiata
1168 535 1295 566 Montis
1316 535 1354 566 B.
1370 535 1414 567 M.
1434 535 1641 576 Magdalenae
1658 535 1826 574 ecclesiis,
1846 536 2063 568 Suessionen.
2084 536 2144 574 di.,
2161 545 2280 568 canon.
2300 535 2363 568 sub

758 596 852 628 exsp.
869 587 972 627 praeb.
987 605 1026 611 —-
1039 588 1066 619 1.
1081 596 1109 619 e.
1123 597 1167 619 m.
1188 588 1356 620 ParIsien.
1373 590 1405 621 et
1420 589 1652 629 Engolismen.
1671 589 1820 625 decanis,
1839 598 1877 620 ac
1895 589 2034 622 Thomae
2050 589 2092 622 de
2108 598 2136 621 s.
2155 589 2272 627 Ylaro,
2288 597 2361 621 can.

757 641 899 673 Remen.
918 642 997 672 eccl.
1015 642 1068 680 (A.
1085 643 1134 679 31,
1154 641 1175 673 f.
1191 643 1252 673 233
1269 647 1297 679 ²3
1319 642 1355 674 V.
1371 643 1423 679 88,
1441 651 1494 683 ep.
1512 644 1619 683 3048.)

803 691 941 725 41930.
969 712 999 717 —-
1016 695 1124 737 Praep.
1141 695 1270 736 Beyen„
1291 700 1321 726 et
1336 695 1496 736 Fz'qiacen.
1518 696 1695 733 Calurcen„
1714 707 1750 728 ac
1766 696 1803 728 de
1818 697 1904 728 ultra
1921 696 2111 728 Dor-doniam
2131 697 2361 738 Pecrayoricen.

757 748 906 779 archid.is
919 749 991 780 eccl.
1013 749 1127 780 mand.
1142 758 1204 789 pro
1218 750 1408 790 receptione
1422 750 1560 782 Geraldi
1576 751 1753 787 Lascoutz,
1770 751 1841 782 nati
1856 751 2035 782 Bertrandi
2053 750 2231 789 Lascoutz,
2249 750 2363 783 clerici

757 803 934 833 Caturcen.
952 803 1012 839 di.,
1029 803 1064 833 in
1081 805 1226 835 monast.
1245 812 1272 835 s,
1293 803 1453 841 Amandi,
1469 804 1507 836 O.
1531 804 1566 836 S.
1584 804 1640 842 Α.,
1662 804 1828 836 Sarlaten.
1848 804 1894 836 di.
1911 804 1965 843 (A.
1982 806 2034 840 30,
2053 805 2076 835 f.
2094 805 2154 836 652
2173 804 2188 826 b
2209 805 2237 842 ¹5
2254 804 2294 837 A.
2311 806 2362 844 30.

757 856 780 886 f.
798 857 858 887 668
874 855 888 877 ¹³
902 855 929 892 ²3
951 856 987 887 V.
1007 857 1060 894 86,
1079 865 1132 896 ep.
1153 858 1257 895 1774.)

802 906 940 940 41931.
968 928 1006 932 -
1025 910 1114 951 Ep.o
1133 910 1306 952 Trajeceen.
1327 911 1440 942 mand.
1463 913 1499 943 ut
1513 911 1682 952 Beinaldo
1698 912 1814 943 comiti
1830 911 1953 944 Gelriae
1968 912 2128 943 concedat
2143 911 2293 944 decimas
2307 921 2365 945 no·

757 963 888 994 valium
904 965 1001 995 terrae
1018 972 1099 1000 suae,
1117 964 1305 1003 Trajecten.
1331 964 1392 1002 di.,
1411 964 1446 996 in
1470 964 1621 1003 feudum,
1645 965 1709 996 sub
1731 966 1823 996 certa
1845 965 2007 1005 pensione
2031 974 2156 1002 annua,
2175 967 2276 1006 prout
2291 966 2363 1006 ,iam

756 1017 986 1056 praedecessor
1001 1017 1154 1057 ejusdem
1175 1018 1243 1058 ep.i
1268 1018 1395 1055 Ottoni,
1413 1018 1529 1050 comiti
1549 1018 1687 1055 Gelriae‚
1707 1019 1789 1050 dicti
1808 1019 1945 1050 comitis
1965 1027 2039 1054 avo,
2065 1019 2106 1050 de
2128 1019 2242 1052 mand.
2264 1019 2363 1051 Inno-

756 1071 858 1101 centii
875 1071 975 1110 Papae
994 1080 1028 1101 iv
1044 1073 1275 1108 concesserat;
1299 1072 1388 1103 idem
1410 1072 1487 1104 Otto
1509 1081 1603 1112 papae
1626 1072 1876 1112 supplicaverat
1894 1081 1933 1104 eo
1958 1072 2049 1113 quod
2066 1074 2136 1104 tam
2162 1072 2236 1113 ipse
2260 1082 2364 1114 quam

756 1125 853 1163 pater
869 1133 953 1155 suus
971 1125 1108 1155 easdem
1129 1125 1279 1156 decimas
1296 1125 1403 1156 multo
1427 1126 1592 1165 tempore,
1614 1127 1788 1165 tamquam
1812 1125 1989 1165 proprium
2013 1126 2268 1165 patrimonium,
2291 1135 2364 1167 per-

757 1179 926 1217 ceperant.
942 1178 996 1217 (A.
1018 1179 1069 1216 30,
1094 1178 1118 1208 f.
1137 1180 1198 1210 523
1215 1178 1245 1216 1’;
1274 1178 1310 1210 V.
1331 1180 1382 1215 87,
1401 1188 1455 1219 ep.
1472 1179 1569 1216 2318;
1589 1179 1703 1216 Brom,
1722 1179 1900 1209 Bullarium
1919 1169 2125 1220 Trajeclense,
2146 1180 2170 1211 t.
2188 1180 2216 1216 Ι,
2234 1189 2268 1220 p.
2289 1181 2362 1218 340,

757 1239 789 1261 n.
808 1232 893 1270 791.)

801 1282 940 1315 41932.
958 1304 996 1308 —
1013 1285 1188 1317 Bertrando
1203 1286 1239 1316 S.
1256 1285 1298 1316 M.
1318 1286 1351 1316 in
1371 1286 1491 1327 Aquiro
1506 1286 1586 1318 diac.
1606 1285 1692 1316 card.
1709 1286 1822 1317 mand.
1839 1288 1877 1318 ut
1896 1286 2209 1318 excommunicatos
2227 1286 2363 1327 publice

756 1339 893 1370 nunciet
910 1348 942 1370 n.
960 1348 991 1369 v.
1010 1339 1188 1379 Hugonem
1205 1340 1245 1370 de
1263 1339 1492 1375 Montiruello,
1509 1340 1629 1371 d.num
1644 1340 1745 1371 castri
1763 1340 1804 1371 de
1819 1340 1993 1380 Brangiis‚
2010 1342 2042 1371 et
2058 1340 2181 1372 fratres
2196 1349 2288 1379 suos,
2304 1341 2364 1372 Ca-

755 1391 905 1423 hilonen.
925 1393 985 1430 di.,
1006 1393 1064 1432 qui
1083 1393 1274 1424 Jacelinum
1293 1394 1334 1424 de
1355 1393 1492 1430 Grolex‚
1518 1395 1771 1433 praeceptorem,
1790 1395 1823 1425 et
1843 1394 2010 1425 Joannem
2035 1394 2076 1425 de
2093 1394 2286 1432 Romantio‚
2313 1402 2364 1426 sa-

756 1445 894 1477 cristam
921 1446 1043 1477 domus
1062 1447 1102 1477 de
1128 1446 1354 1485 ArmoneriiS,
1368 1455 1440 1477 can.
1459 1447 1602 1478 monast.
1621 1455 1647 1477 s.
1667 1447 1820 1482 Antonii,
1845 1447 1884 1479 O.
1909 1447 1943 1479 S.
1970 1447 2025 1484 Α.,
2048 1447 2211 1479 Viennen.
2238 1447 2298 1485 di.,
2322 1447 2364 1478 ad

755 1499 943 1539 capitulum
959 1500 1126 1539 generale,
1145 1500 1235 1539 quod
1250 1500 1291 1531 de
1307 1500 1419 1531 mand.
1436 1500 1548 1540 Papae,
1563 1509 1624 1540 pro
1639 1500 1879 1531 exoneratione
1893 1500 2084 1532 debitorum
2098 1501 2223 1541 quibus
2237 1501 2364 1532 dictum

756 1554 897 1584 monast.
916 1554 988 1584 erat
1005 1554 1037 1584 ct
1055 1555 1105 1584 est
1121 1553 1319 1593 obligatum,
1343 1553 1378 1584 in
1398 1553 1515 1593 vigilia
1532 1553 1610 1585 festi
1623 1554 1783 1586 Omnium
1799 1553 1998 1586 Sanctorum
2017 1554 2172 1594 proxime
2187 1554 2362 1594 praeteriti,

754 1606 789 1636 in
806 1606 896 1637 dicto
910 1608 1054 1637 monast.
1073 1606 1210 1638 deberet
1227 1606 1404 1644 celebrari,
1417 1615 1453 1638 se
1473 1607 1687 1638 conferentes
1701 1608 1733 1638 et
1746 1615 1806 1646 per
1819 1609 1944 1639 terram
1957 1607 2173 1640 dominorum
2189 1608 2230 1639 de
2242 1608 2365 1640 sancta

755 1659 861 1690 Cruce
876 1661 909 1690 et
931 1660 971 1691 de
991 1660 1160 1699 Brangiis,
1178 1660 1349 1691 Bisuntin.
1369 1662 1402 1691 et
1419 1659 1618 1692 Cabilonen.
1641 1660 1700 1694 di..
1718 1661 1934 1692 transeuntes
1950 1662 2123 1700 ceperunt,
2144 1661 2178 1692 in
2195 1661 2363 1702 compedi-

753 1712 818 1743 bus
835 1713 955 1744 ferreis
971 1715 1169 1752 posuerunt,
1183 1714 1281 1752 equis
1297 1715 1330 1744 et
1343 1713 1562 1752 pecuniarum
1575 1714 1733 1750 summm,
1749 1722 1835 1752 quas
1851 1714 1890 1744 ad
1906 1714 2035 1745 dictum
2054 1715 2154 1754 capit.
2168 1714 2365 1746 deferebant

754 1766 796 1797 ad
812 1766 1011 1797 solvendam
1030 1766 1285 1805 impositionem
1301 1775 1403 1806 quam
1420 1766 1534 1797 abbati
1558 1769 1591 1798 et
1613 1775 1708 1798 conV.
1731 1767 1863 1806 praefati
1882 1769 2041 1805 monast„
2062 1768 2248 1799 secundum
2271 1768 2362 1800 ordi-

753 1819 926 1851 nationem
942 1820 1024 1850 dicti
1039 1820 1142 1855 card„
1161 1820 1201 1850 de
1220 1820 1332 1850 mand.
1353 1819 1454 1859 Papae
1476 1820 1613 1855 factam,
1628 1820 1761 1851 solvere
1778 1820 1993 1858 tenebantur,
2017 1822 2049 1852 et
2069 1822 2245 1853 nonnullis
2261 1822 2364 1854 rebus

754 1873 832 1904 aliis
846 1873 1050 1912 spoliarunt,
1067 1875 1100 1904 et
1114 1875 1244 1904 extunc
1257 1873 1410 1904 detinent
1425 1873 1623 1913 captivatos,
1642 1875 1806 1914 praetextu
1825 1875 1915 1914 quod
1931 1875 2012 1906 dicti
2024 1884 2097 1906 can.
2113 1875 2280 1916 indigenae
2293 1875 2364 1908 siut

753 1928 853 1958 terrae
869 1935 901 1958 n.
915 1935 946 1957 v.
961 1926 1140 1967 Guigonis,
1156 1927 1310 1966 dalphini
1327 1927 1507 1964 Viennen.‚
1522 1927 1601 1958 licet
1615 1936 1703 1958 unus
1716 1936 1834 1958 eorum
1846 1928 1892 1959 sit
1907 1937 1950 1959 ex
1966 1937 2069 1969 regno
2082 1929 2234 1961 Fra'nciae
2250 1929 2363 1962 oriun-

754 1981 828 2011 dus.
847 1980 899 2019 (A.
920 1982 971 2017 30,
990 1980 1012 2011 f.
1031 1982 1091 2012 676
1109 1980 1137 2018 ¹³3
1160 1980 1192 2010 V.
1209 1982 1260 2018 87,
1279 1989 1332 2020 ep.
1350 1982 1456 2019 2563.)

798 2031 935 2063 41933.
953 2052 991 2056 —
1007 2033 1175 2075 Archiep.o
1191 2034 1380 2065 Bituricensi
1396 2034 1509 2065 mand.
1534 2035 1571 2065 ut
1592 2034 1767 2074 dispenset
1783 2035 1975 2067 Guidonem
1992 2035 2032 2066 de
2051 2044 2078 2066 s.
2101 2035 2252 2075 Juliano,
2269 2046 2361 2069 mon.

753 2090 899 2118 monast.
924 2087 1156 2127 Burgidolen.‚
1185 2096 1222 2118 ac
1253 2088 1402 2127 priorem
1432 2087 1602 2127 prioratus
1626 2088 1667 2119 de
1693 2088 1867 2128 Magnum,
1895 2089 2005 2120 eidem
2029 2091 2176 2121 monast.
2205 2090 2361 2131 subjecti,

752 2141 791 2172 Ο.
809 2141 842 2172 S.
861 2141 913 2178 B.,
931 2149 1000 2172 suae
1016 2141 1076 2177 di.,
1091 2142 1128 2171 ut
1142 2141 1298 2172 eumdem
1313 2141 1501 2180 prioratum
1518 2149 1586 2172 una
1601 2150 1678 2172 cum
1695 2142 1749 2173 off.
1766 2142 1961 2173 camerariae
1978 2142 2131 2182 ejusdem
2147 2145 2359 2183 monasterii,

752 2203 823 2225 vac.
847 2203 905 2233 per
920 2194 1052 2225 obitum
1074 2194 1227 2234 Philippi
1245 2194 1285 2224 de
1303 2194 1468 2231 Nohento‚
1488 2194 1578 2234 quod
1600 2194 1799 2232 Gaut'ridus,
1821 2195 1926 2226 abbas
1945 2195 2056 2235 ipsius
2073 2199 2231 2233 monast..
2251 2198 2360 2230 eidem

750 2247 898 2279 Guidoni
925 2248 960 2278 in
982 2248 1214 2279 commendam
1237 2247 1417 2285 concessit,
1438 2249 1470 2279 et
1488 2248 1520 2279 ei
1545 2248 1699 2279 conferre
1724 2247 1880 2284 intendit,
1907 2249 2052 2280 retinere
2076 2249 2199 2287 valeat,
2223 2251 2361 2284 etiamsi

751 2310 868 2332 eorum
885 2301 983 2332 alteri
999 2310 1079 2332 cura
1093 2301 1269 2332 immineat
1283 2301 1486 2332 animarum.
1507 2301 1618 2342 Hujus
1634 2301 1740 2333 officii
1755 2311 1857 2333 onera
1871 2304 1931 2335 300
1947 2302 2110 2334 librarum
2122 2305 2359 2337 turonensium

751 2355 840 2386 ultra
854 2355 969 2385 omnia
987 2355 1217 2393 emolumenta
1234 2363 1308 2394 quae
1333 2363 1376 2385 ex
1399 2363 1438 2386 eo
1455 2358 1598 2394 possunt
1620 2356 1751 2395 percipi
1772 2356 1949 2387 annuatim
1965 2357 2140 2394 excedunt,
2164 2357 2360 2399 dictumque

751 2408 806 2439 off.
825 2407 867 2438 ab
884 2408 966 2439 olim
990 2407 1164 2439 monachis
1187 2407 1268 2438 dicti
1294 2410 1451 2445 monast„
1481 2409 1652 2448 prioratus
1678 2418 1739 2440 seu
1758 2409 2072 2441 administrationes
2089 2410 2306 2449 habentibus,
2325 2414 2362 2444 ut

751 2470 828 2492 cum
843 2461 1086 2492 emolumentis
1103 2461 1250 2492 aliorum
1265 2461 1380 2492 benef.
1392 2462 1472 2493 dicti
1488 2462 1542 2494 oss'.
1558 2471 1660 2494 onera
1676 2464 1875 2503 supportare
1892 2463 2038 2502 valeant,
2055 2466 2107 2495 est
2122 2465 2260 2496 solitum
2277 2466 2362 2498 assi-

751 2515 858 2555 gnari.
879 2515 931 2553 (A.
951 2516 1002 2552 31,
1021 2515 1045 2545 f.
1063 2517 1083 2546 4
1100 2514 1129 2551 ¹³3
1154 2514 1191 2545 V.
1208 2516 1258 2552 87,
1277 2523 1330 2554 ep.
1348 2516 1455 2554 2620.)

796 2565 934 2598 41934.
958 2586 996 2591 —
1016 2567 1180 2599 Bernardo
1204 2567 1242 2599 de
1265 2567 1450 2600 Camonibus
1474 2571 1692 2601 reservantur
1709 2570 1943 2609 praestimonia
1960 2579 2020 2602 seu
2038 2571 2236 2611 capellaniae
2257 2573 2360 2605 unius

751 2630 904 2663 personae
921 2622 1073 2653 cedentis
1090 2622 1144 2653 vel
1163 2622 1369 2659 decedentis,
1387 2631 1427 2653 ea
1441 2622 1495 2653 vel
1514 2631 1572 2654 eas
1586 2623 1622 2653 in
1637 2623 1684 2654 di.
1705 2623 1898 2655 Gerunden.
1914 2624 2111 2661 obtinentis,
2130 2627 2289 2657 consueta
2305 2627 2359 2658 vel

751 2677 921 2707 consuetae
945 2675 1079 2707 clericis
1099 2675 1214 2707 saecul.
1235 2675 1416 2715 assignari,
1436 2676 1479 2706 ad
1497 2675 1631 2707 abbatis
1649 2678 1794 2708 monast.
1815 2677 2039 2717 Rivipullen.,
2057 2678 2095 2710 O.
2120 2679 2153 2711 S.
2170 2680 2223 2717 B.,
2239 2680 2357 2711 Viceu.

752 2729 811 2766 di.,
827 2729 1045 2760 collationem
1061 2729 1196 2768 pertin.‚
1215 2729 1251 2760 in
1269 2729 1357 2760 dicta
1373 2729 1418 2760 di.
1434 2730 1629 2762 Gerunden.
1649 2739 1720 2761 vac.
1738 2731 1796 2761 aut
1814 2732 1939 2767 vacat.;
1963 2740 2030 2762 non
2050 2731 2136 2763 obst.
2154 2734 2189 2763 ut
2203 2733 2304 2764 infra.
2320 2751 2361 2757 -

752 2783 777 2814 I.
794 2792 822 2814 e.
838 2791 885 2814 m.
902 2782 979 2814 abb.
993 2784 1139 2813 monast.
1154 2783 1194 2814 de
1207 2782 1394 2820 Balneolis‚
1413 2783 1605 2815 Gerunden.
1623 2783 1684 2821 di.,
1696 2785 1730 2815 et
1741 2784 1940 2825 Tirasoneu.
1957 2786 1995 2816 ac
2006 2785 2046 2816 de
2057 2785 2151 2817 Silva
2164 2786 2357 2819 Gerunden.

752 2836 915 2868 archid.is
929 2836 1009 2868 eccl.
1028 2836 1082 2876 (A.
1100 2837 1152 2873 31,
1171 2836 1195 2868 f.
1210 2837 1271 2867 454
1287 2841 1316 2874 ⁸3
1340 2836 1375 2867 V.
1393 2837 1444 2874 88,
1461 2845 1513 2877 ep.
1533 2838 1641 2876 3591.)
2184 2832 2192 2835 “

785 2961 807 2986 1.
821 2962 856 2987 In
874 2961 1004 2992 margine
1017 2962 1137 2986 notatur
1152 2965 1158 2985 ;
1176 2969 1187 2983 c
1204 2960 1310 2992 Scripta
1322 2962 1360 2985 est
1371 2960 1445 2986 alibi.
1462 2971 1472 2985 ι

783 3002 808 3027 2.
823 3002 859 3027 In
877 3001 1008 3032 margine
1021 3000 1129 3033 legitur
1142 3009 1147 3025 :
1163 3010 1172 3023 ι
1190 3001 1323 3033 Scriptum
1337 3003 1375 3026 est
1391 3002 1418 3026 in
1432 3008 1595 3034 parqameno
1607 3001 1655 3026 sub
1668 3002 1718 3027 islo
1731 3009 1848 3027 numero.
1864 3011 1875 3042 r
