2560 3476
355 313 358 315 Α
405 316 659 350 APPENDICES
682 315 738 347 AD
761 314 1034 346 DUODECIMUM
1056 313 1255 346 BULLARII
1275 312 1449 345 JOANNIS
1472 312 1563 343 XXII
1585 311 1745 342 ANNUM.
1767 329 1806 334 —
1829 310 2070 351 (1316-1334)
2191 311 2252 342 387

259 514 365 541 Datum
383 507 557 542 Avenione

253 563 292 592 43
309 563 374 597 (id.)
391 570 455 598 apr.
475 561 565 593 4328,

317 608 406 641 (anno
422 605 506 641 xlv).

297 722 336 750 m
354 729 416 757 apr.
440 719 529 749 1328.

373 826 409 854 Ut
424 833 449 854 s.

243 1092 278 1120 24
298 1095 325 1120 et
343 1091 383 1119 25
402 1099 465 1126 apr.
489 1090 580 1128 4328,

339 1136 402 1165 ind.
423 1136 485 1172 X1·,

224 1180 342 1210 loannis
354 1181 429 1209 XXII
441 1188 517 1209 anno
527 1180 598 1209 xlv.

280 1359 385 1386 Datum
402 1361 430 1386 et
448 1359 547 1386 actum

331 1402 496 1442 Bisuntz‘i,

300 1456 340 1484 20
355 1457 424 1484 maii
441 1455 531 1488 4328,

227 1500 289 1537 (Die
309 1501 425 1528 veneris
449 1503 517 1528 ante
542 1499 603 1527 fes-

255 1547 320 1574 tum
339 1545 570 1581 penthecostes).

267 1630 372 1658 Datum
390 1625 563 1660 Avenione

301 1679 344 1707 23
357 1680 426 1707 maii
441 1678 531 1714 4328,

240 1727 272 1759 (x
285 1723 344 1751 Ital.
357 1724 420 1759 jun.
435 1731 511 1751 anno
523 1722 594 1757 ΧΠ).

248 2051 297 2079 Die
311 2050 377 2086 (sic)
396 2051 475 2078 maii.
497 2049 586 2079 4328.

272 2322 377 2349 Datum
394 2318 568 2350 Avenione

234 2371 253 2398 6
271 2371 341 2406 (vm
358 2370 413 2406 id.)
427 2371 495 2405 jun.
517 2370 607 2403 4328,

329 2416 416 2450 (anno
432 2414 514 2450 ΧΨ).

270 2536 374 2563 Datum
401 2530 574 2564 Avenione

238 2584 344 2619 adjut.
364 2584 452 2616 4328,
468 2583 528 2613 ind.
547 2583 609 2620 Xla,

234 2629 354 2657 Ioannis
367 2628 439 2656 xxn
449 2637 526 2656 anno
536 2628 608 2657 XIP.

314 2689 352 2717 44
366 2690 426 2724 jul.
444 2690 534 2718 4328.

240 2850 253 2876 4
276 2857 341 2885 auq.
366 2849 455 2885 4328,
474 2848 534 2877 ind.
550 2849 610 2879 XF.

315 2956 333 2984 7
354 2964 420 2990 auq.
446 2957 460 2984 4
465 2955 535 2984 328.

695 502 833 535 42407.
849 522 889 528 -
905 505 1055 536 Joannes
1071 505 1137 536 ΡΡ.
1154 506 1257 537 XXII
1273 505 1411 536 mandat
1427 505 1585 545 archiep.o
1609 504 1755 535 Viennen.
1773 504 1899 544 ejusque
1913 503 2120 543 suffrayaneis
2137 507 2166 534 et
2180 502 2253 534 aliis

647 559 790 600 personis
807 557 1019 588 ecclesiasticis
1034 558 1132 593 civit„
1151 557 1195 588 di.
1215 563 1244 588 et
1258 558 1425 599 provinciae
1448 558 1595 589 Viennen.
1617 560 1653 588 ut
1669 557 1802 588 solvant
1820 557 1949 587 fructus
1967 557 2069 587 unius
2087 557 2166 587 anni
2182 565 2254 588 om—

651 612 747 643 nium
762 611 1005 643 beneficiorum
1020 611 1214 642 vacantium
1228 613 1260 642 et
1276 620 1384 651 usque
1402 612 1445 642 ad
1457 620 1562 642 unum
1579 619 1703 641 aunum
1721 611 1968 647 vacaturorum,
1986 618 2126 640 camerae
2142 610 2251 649 apost.

651 665 874 705 applicandos
891 673 951 704 pro
967 664 1232 695 necessitatibus
1247 665 1285 695 E.
1300 665 1342 696 R.
1359 664 1417 703 (De
1429 664 1533 701 curia;
1549 662 1702 704 originale
1713 672 1948 704 pei-qamenum3
1970 672 2002 693 n.
2025 663 2071 702 7.)

695 715 836 748 42408.
853 735 894 741 -
917 717 1147 758 Berenquarius
1166 717 1328 753 Cotarelli,
1339 717 1441 758 judex
1464 717 1681 757 Laurayuesii,
1700 716 1877 747 constituit
1898 716 2074 755 generales
2095 724 2257 755 procura-

651 772 743 803 tores
759 771 795 802 in
811 770 970 803 omnibus
991 772 1023 802 et
1041 771 1187 810 singulis
1205 771 1317 802 causis
1335 771 1408 801 suis
1429 773 1461 802 et
1478 771 1694 809 ubicumque.
1715 768 1885 809 (Oriqinale
1903 778 2142 809 perqmnenum
2160 778 2193 799 n.
2209 770 2255 808 8.)

698 821 837 854 42409.
854 841 893 847 -
908 823 1086 864 Stephanus
1103 823 1235 860 Alberci,
1259 823 1434 854 licentiatus
1450 824 1482 853 in
1502 823 1629 863 legibus,
1644 822 1748 863 judex
1763 821 1940 852 ordinarius
1957 821 2082 857 Tolosae,
2099 826 2258 863 custosque

652 877 752 919 siqz'lli
775 876 936 909 senescalli
952 882 980 908 et
1000 877 1111 908 vicarii
1133 876 1259 913 Tolosae,
1277 877 1428 916 publicat
1445 877 1594 908 litteram
1611 875 1771 913 Beraudi‚
1789 876 1861 907 d.ni
1883 875 1923 906 de
1939 875 2186 915 Solempniaco,
2206 884 2260 907 se-

653 931 796 963 nescalli
810 931 944 962 Tolosae
958 931 990 962 et
1003 930 1140 962 Albien.
1159 931 1231 962 d.ni
1249 931 1288 963 F.
1306 931 1339 962 et
1354 931 1397 962 N.
1413 930 1469 966 R„
1483 938 1550 969 qua
1565 929 1793 969 Berengarius
1809 928 1982 963 Cotarelli,
1998 927 2210 959 baccalarius
2223 928 2259 960 in

653 984 800 1025 legibus,
819 984 857 1015 fit
870 984 974 1024 judex
988 983 1213 1024 Lauraguesii
1228 984 1302 1014 loco
1318 983 1390 1014 d.ni
1403 983 1546 1014 Joannis
1561 983 1601 1013 de
1617 982 1820 1013 Tornamira
1834 981 2020 1017 debilitate,
2039 981 2211 1013 senectute
2227 983 2260 1013 et

654 1037 850 1070 infirmitate
865 1037 1008 1077 gravati.
1026 1036 1199 1077 (Oriqinale
1207 1045 1427 1078 perqamenum
1443 1040 1472 1066 et
1483 1045 1616 1076 parvum
1628 1044 1637 1072 ;
1652 1044 1683 1066 n.
1704 1035 1748 1075 9.)

699 1086 838 1121 42410.
856 1108 895 1113 -
915 1090 1079 1122 Instrum.
1097 1099 1164 1130 quo
1187 1089 1285 1121 Falco
1305 1089 1342 1120 de
1362 1089 1477 1129 Pupia,
1500 1089 1666 1119 vicet-ector
1683 1087 1830 1118 Marckiae
1847 1087 2063 1124 Anconitanae,
2083 1087 2260 1119 constituit

655 1146 911 1185 procuratorem
926 1144 968 1175 ad
985 1143 1219 1183 recipiendum
1243 1144 1323 1174 3000
1340 1143 1413 1174 flor.
1439 1143 1514 1174 auri
1530 1151 1549 1173 a
1571 1142 1671 1173 Petro
1688 1141 1867 1180 Maynade‚
1885 1141 2096 1172 thesaurario
2113 1140 2263 1180 generali

656 1199 800 1230 ducatus
817 1197 1004 1237 Spoletani.
1023 1214 1059 1219 -—
1077 1196 1174 1232 Item.
1194 1197 1353 1228 instrum.
1369 1205 1435 1236 quo
1452 1197 1584 1227 constat
1599 1194 1817 1235 Raymundum
1832 1194 1869 1224 de
1885 1194 2016 1230 Solerio,
2035 1192 2260 1233 catur-cendi„

655 1251 846 1292 familiarem
868 1255 897 1281 et
919 1254 1156 1292 procuratorem
1181 1249 1257 1280 dicti
1276 1249 1436 1287 Pulc-onis,
1461 1250 1630 1288 recepisse
1654 1248 1695 1279 ab
1717 1249 1836 1280 eodem
1852 1247 2063 1279 thesaurario
2086 1249 2165 1279 1500
2190 1248 2261 1280 ssor.

657 1305 744 1336 auri.
762 1304 937 1345 (Oriqinale
951 1313 1171 1345 pergamenum
1187 1307 1215 1334 et
1229 1302 1369 1344 lonyum;
1386 1312 1420 1334 n.
1437 1303 1503 1342 10.)
2307 1336 2311 1341 .

702 1355 840 1388 42411.
862 1375 900 1381 -
918 1357 1073 1398 Officialis
1096 1357 1190 1388 curiae
1211 1357 1389 1387 Bisantinae
1408 1356 1568 1387 testificat
1585 1355 1775 1387 Guidonem
1793 1354 1956 1385 Mathioni
1975 1354 2016 1385 de
2033 1354 2144 1391 Metis,
2168 1354 2265 1386 cleri·

657 1421 746 1450 cum,
765 1411 940 1452 publicum
957 1412 1045 1442 auct.
1064 1410 1236 1450 imperiali
1254 1410 1436 1447 notarium,
1462 1409 1632 1448 recepisse
1653 1417 1672 1439 a
1697 1408 1798 1439 Petro
1817 1408 1858 1438 de
1880 1407 2044 1443 vivariis,
2068 1416 2140 1439 can.
2166 1407 2266 1439 Viva·

658 1465 777 1502 riensi,
794 1465 828 1496 S.
844 1465 884 1496 A.
903 1465 1039 1500 nuncio,
1055 1465 1092 1495 15
1107 1464 1181 1495 flor.
1198 1464 1272 1495 auri
1283 1472 1343 1503 pro
1355 1463 1481 1494 salario
1498 1462 1649 1501 plurium
1665 1462 1970 1492 instrumentorum
1985 1469 2046 1500 pro
2062 1461 2149 1492 facto
2165 1461 2267 1500 Papae

658 1519 694 1550 in
709 1519 847 1550 civitate
862 1518 1045 1550 Bisuntina
1061 1518 1303 1549 confectorum.
1322 1517 1420 1557 (Oriq.
1438 1526 1528 1558 per-9.
1546 1525 1680 1557 parvum
1694 1525 1760 1546 cum
1774 1515 1910 1555 vestiqiis
1925 1515 2004 1545 cerei
2021 1513 2122 1555 sigilli
2127 1523 2136 1552 3
2150 1523 2183 1546 n.
2202 1515 2266 1555 12.)

703 1621 843 1654 42412.
861 1642 901 1647 -
913 1625 1063 1656 Joannes
1079 1624 1173 1664 Papa
1189 1623 1293 1655 XXII
1307 1623 1446 1655 mandat
1462 1622 1600 1663 archipr.
1620 1621 1657 1652 de
1676 1621 1818 1659 Carnam,
1838 1620 2040 1652 Mediolanen.
2057 1619 2114 1656 di„
2132 1624 2162 1651 et
2181 1619 2270 1652 Guil-

661 1677 750 1709 lelmo
778 1677 817 1708 de
840 1677 990 1709 Pusterla
1012 1687 1048 1708 ac
1073 1677 1236 1708 Ambrosio
1261 1677 1296 1707 de
1313 1677 1360 1707 La
1382 1676 1530 1713 Mairola,
1556 1686 1625 1707 can.
1651 1674 1893 1706 Mediolanensis
1916 1674 2003 1711 eccl„
2028 1675 2065 1705 ut
2081 1674 2267 1713 Gasperolo

660 1731 787 1771 quond.
809 1731 959 1762 Amizoli
975 1731 1092 1762 Tancii
1116 1731 1157 1761 de
1174 1731 1310 1768 Arosio,
1328 1730 1468 1769 pauperi
1487 1729 1609 1760 clerico
1628 1728 1916 1763 Mediolanen.di.,
1938 1727 2138 1766 provideant
2152 1727 2193 1758 de
2210 1727 2268 1758 be-

661 1784 782 1816 neficio
799 1783 953 1815 saeculari
969 1792 997 1815 c.
1012 1792 1041 1815 0.
1053 1783 1108 1814 vel
1124 1792 1151 1814 S.
1168 1791 1209 1818 c.‚
1223 1782 1346 1822 pertin.
1364 1782 1406 1813 ad
1424 1782 1639 1813 collationem
1654 1790 1758 1820 praep.
1777 1782 1809 1811 et
1825 1780 1967 1819 capituli
1980 1780 2060 1811 eccl.
2078 1789 2106 1810 s.
2123 1780 2267 1811 Joannis

661 1837 702 1868 de
724 1837 910 1874 Pontirolo,
930 1837 1028 1868 dictae
1044 1836 1105 1873 di„
1123 1836 1158 1867 in
1176 1836 1269 1867 civit.
1286 1835 1340 1867 vel
1356 1835 1403 1866 di.
1424 1835 1649 1866 Mediolanen.
1662 1835 1802 1864 vacante
1818 1835 1876 1864 aut
1891 1835 2060 1864 vacaturo.
2071 1850 2111 1855 —
2122 1833 2161 1863 In
2177 1841 2266 1864 mar-

661 1890 739 1931 gine
755 1890 972 1930 pergamenis
988 1889 1150 1921 scribitur
1165 1901 1170 1920 :
1187 1898 1203 1919 «
1220 1889 1302 1920 Bene
1317 1889 1393 1928 leqit
1407 1892 1436 1918 et
1453 1888 1612 1918 construit.
1632 1886 1847 1927 Competenter
1858 1890 1965 1916 cantat
1981 1895 2008 1922 »‚
2020 1888 2053 1916 et
2069 1886 2169 1917 dorso
2183 1886 2271 1925 ejus-

662 1944 760 1975 dem:
782 1943 908 1974 «Liber
930 1948 1124 1984 receptorum
1146 1947 1175 1972 et
1191 1951 1433 1983 expensarum...
1459 1941 1546 1980 [m]ei
1566 1940 1727 1972 Michaelis
1749 1939 1945 1976 Ricomanni,
1967 1938 2040 1970 cler.
2067 1948 2185 1969 camere
2202 1938 2270 1970 d.ni

662 1996 751 2038 Pape
769 2006 806 2033 »;
824 1998 869 2035 (n.
886 1998 950 2036 13.)

706 2047 846 2079 42413.
864 2066 903 2072 -
919 2048 1021 2079 D.nus
1041 2048 1197 2080 Guarinus
1212 2047 1249 2079 de
1264 2047 1421 2090 Spinallo‚
1435 2048 1525 2088 prior
1540 2047 1613 2078 eccl.
1629 2057 1654 2078 s.
1672 2046 1819 2087 Remi-aii,
1835 2045 1984 2085 appellat
2000 2054 2018 2076 a
2031 2045 2178 2084 quadam
2196 2052 2269 2076 sen-

662 2105 768 2135 tentia
785 2102 963 2135 Guillelmi
980 2102 1020 2133 de
1039 2102 1250 2139 Solellarcio,
1275 2101 1400 2141 judicis
1424 2101 1610 2137 Arelatem,
1633 2100 1692 2139 qui
1715 2100 1933 2130 revocaverat
1952 2098 2270 2138 praecouisationem

664 2157 772 2197 bajuli
793 2156 884 2187 villae
900 2165 928 2187 s.
948 2155 1110 2195 Remigii,
1129 2164 1195 2195 qua
1215 2156 1378 2186 statutum
1397 2155 1469 2185 erat
1485 2154 1573 2194 quod
1590 2154 1794 2193 quicumque
1814 2153 1905 2183 tenet
1925 2151 2111 2191 hospitium
2130 2150 2193 2182 sub
2210 2150 2271 2182 do-

663 2210 770 2241 minio
787 2209 869 2241 eccl.
885 2218 915 2240 s.
930 2208 1093 2248 Remigii,
1107 2208 1142 2239 in
1156 2208 1256 2239 furno
1271 2208 1367 2239 dictae
1382 2208 1461 2239 eccl.
1478 2216 1600 2247 panem
1617 2215 1718 2237 suum
1732 2206 1907 2245 decoquat.
1924 2203 2098 2244 (Oriyinale
2111 2213 2270 2245 perqame-

664 2272 753 2301 num3
772 2271 804 2294 n.
821 2264 902 2301 13⁸.)

703 2313 850 2347 ·42414.
874 2333 913 2339 —
929 2316 1116 2347 Processus
1133 2315 1239 2346 habiti
1260 2323 1320 2354 per
1341 2314 1542 2345 Pontificem
1562 2315 1678 2344 contra
1695 2312 1874 2342 Michaelem
1892 2311 1930 2342 de
1948 2310 2075 2347 cesena,
2093 2310 2167 2341 olim
2184 2309 2218 2340 0.
2232 2309 2271 2341 F.

666 2371 708 2402 M.
728 2369 902 2411 qeneralem
918 2369 1108 2405 ministrum,
1131 2368 1294 2410 quemdam
1316 2367 1487 2408 Anqlicum
1510 2371 1650 2397 vocatum
1673 2365 1870 2397 Guillelmum
1894 2364 1987 2395 Oltam
2003 2369 2032 2394 et
2048 2363 2272 2403 Bonaqratiam

666 2423 703 2455 de
718 2423 883 2464 Perqamo,
899 2423 1016 2463 fratres
1032 2422 1132 2462 ejusd.
1151 2421 1283 2453 ordinis.
1302 2431 1318 2451 «
1338 2420 1464 2452 Dudum
1481 2419 1522 2451 ad
1544 2420 1680 2450 nostri...
1701 2429 1729 2450 ».
1748 2419 1805 2459 (De
1821 2419 1910 2449 curia
1917 2428 1926 2455 ;
1944 2417 2097 2458 oriqinale
2111 2426 2274 2458 perqame·

667 2487 740 2508 num
758 2481 788 2507 et
801 2485 963 2516 maynum3
981 2485 1013 2507 n.
1030 2477 1093 2515 14.)

713 2527 851 2560 42415.
872 2548 908 2553 -
924 2530 1050 2566 Petrus,
1071 2539 1160 2570 ep.us
1181 2529 1330 2559 Portuen.
1355 2532 1384 2558 et
1403 2537 1429 2558 s.
1446 2527 1577 2568 Rufinae,
1599 2525 1721 2566 colleqii
1744 2525 1830 2556 card.
1852 2525 2053 2559 camerarius,
2079 2524 2202 2563 quittat
2222 2531 2274 2554 ca-

668 2584 855 2616 merarium
872 2584 904 2614 et
916 2583 1066 2615 thesaur.
1087 2583 1188 2622 Papae
1203 2582 1244 2613 de
1262 2582 1356 2613 8.000
1372 2581 1550 2612 unciarum
1569 2580 1643 2611 auri
1662 2580 1771 2610 eidem
1791 2578 1932 2618 collegio
1949 2578 2084 2608 traditis
2102 2585 2162 2616 pro
2180 2577 2274 2615 parte

668 2646 792 2670 census
806 2636 902 2677 regni
916 2636 1052 2668 Siciliae.
1069 2635 1243 2676 (Oriqinale
1255 2644 1474 2676 pcrqamenum
1489 2638 1517 2664 et
1529 2642 1680 2675 parvum3
1699 2642 1731 2664 n.
1750 2633 1814 2670 16.)

714 2687 855 2721 42416.
879 2706 918 2712 -
934 2689 1120 2727 ιιιάουίειιε,
1144 2688 1356 2720 Romanorum
1370 2688 1549 2728 imperator,
1570 2686 1712 2717 assumit
1729 2686 1895 2717 Joannem
1918 2684 1957 2715 de
1981 2683 2146 2715 Genduno
2171 2682 2206 2712 in
2223 2689 2273 2712 se·

670 2744 854 2776 cretarium
872 2744 905 2775 et
922 2743 1031 2774 famil.
1049 2751 1161 2774 suum.
1186 2743 1313 2774 Datum
1337 2743 1452 2773 Roma·
1470 2741 1558 2779 apud
1581 2749 1608 2770 s.
1634 2739 1774 2769 Petrum
1803 2739 1840 2768 14
1857 2737 1918 2777 jul.
1946 2737 2036 2770 1328,
2055 2734 2149 2774 regni
2172 2733 2226 2764 sui
2243 2741 2274 2765 a.

671 2797 766 2834 XIV,
783 2796 921 2836 imperii
936 2805 1016 2828 vero
1031 2795 1154 2836 primo.
1172 2794 1273 2836 (Or-iq.
1290 2804 1379 2835 perq.
1396 2803 1429 2824 n.
1450 2796 1486 2824 17
1494 2804 1502 2829 ;
1521 2792 1621 2823 Neues
1638 2791 1765 2827 Archiv,
1782 2792 1804 2821 t.
1825 2790 1922 2821 XXV
1938 2790 2054 2828 (1899),
2072 2796 2105 2826 p.
2124 2787 2209 2824 749.)

717 2846 854 2879 42417.
874 2866 912 2871 -
929 2849 1020 2881 Socii
1039 2848 1214 2880 societatis
1231 2846 1422 2882 Bardorum,
1440 2845 1476 2876 de
1490 2844 1662 2881 Florentia,
1680 2843 1890 2874 constituunt
1906 2841 2022 2880 plures
2039 2839 2276 2879 procuratores

673 2903 708 2934 in
727 2902 939 2943 quibuslibet
954 2902 1069 2933 causis
1084 2904 1154 2933 tam
1172 2901 1207 2932 in
1229 2909 1369 2932 romana
1384 2899 1479 2931 curia
1495 2906 1597 2937 quam
1613 2896 1706 2927 alibi.
1727 2894 1901 2935 (Oriqinale
1914 2902 2145 2935 perqamenum;
2164 2899 2196 2923 n.
2213 2891 2276 2929 18.)

718 2952 858 2987 42418.
875 2967 914 2979 -’
930 2955 1123 2986 Publicatio
1141 2962 1323 2994 processus
1341 2954 1457 2984 contra
1472 2949 1651 2982 Michaelem
1669 2948 1705 2979 de
1723 2948 1837 2980 Cesena
1852 2948 1887 2978 in
1905 2946 1986 2978 eccl.
2003 2955 2030 2977 s.
2046 2943 2221 2976 Francisci
2236 2943 2277 2975 de

673 3009 820 3040 Assisio.
838 3007 1016 3050 (Oriqinale
1029 3016 1252 3049 peryanzenum
1269 3010 1298 3036 et
1309 3014 1459 3047 parvum;
1476 3012 1510 3034 n.
1526 3005 1589 3039 19.)
