2560 3476
302 322 361 352 352

334 412 438 439 Datum
455 405 643 439 Avenione.

331 514 345 540 4
365 513 450 547 (kal.)
468 520 535 547 (ηις).
558 511 647 541 1328.

416 557 447 584 Τ.
466 556 559 583 XXIV.

451 994 488 1022 Ut
507 1002 530 1021 s.

397 1039 429 1067 T.
447 1039 494 1072 XI,
512 1038 584 1066 XIII.

451 1315 488 1343 Ut
509 1323 533 1342 s.

395 1361 427 1389 T.
446 1360 493 1392 XI,
513 1359 587 1388 XIII.

455 1476 492 1503 Ut
506 1485 529 1503 s.

440 1521 471 1548 T.
490 1521 547 1548 XX.

452 1744 489 1772 Ut
507 1753 532 1773 s.

369 1789 400 1816 T.
418 1790 501 1822 XXII,
523 1789 617 1816 XXIV.

455 2388 492 2416 Ut
511 2396 535 2415 s.

350 2433 383 2460 T.
399 2433 434 2460 XI
450 2433 496 2468 ¹l2,
513 2433 576 2460 XIII
594 2432 640 2466 ¹l2-

309 2818 330 2846 2
347 2818 390 2852 (ιν
408 2818 490 2854 non.)
506 2826 574 2853 auq.
593 2818 684 2846 4328.

437 2863 468 2891 Τ.
490 2863 561 2890 XVI.

458 2925 495 2953 Ut
514 2933 538 2953 s.

426 2971 456 2998 T.
476 2971 574 2999 XVIII.

699 317 873 349 JOANNIS
896 318 1015 349 PAPAE
1037 319 1140 349 XXII.
1165 321 1415 360 (1316-1334).
1438 337 1477 343 —-
1500 319 1688 351 LITTERAE
1711 319 1938 352 COMMUNES

775 507 912 540 42068.
931 529 968 534 -
986 511 1093 542 Priori
1109 522 1134 543 s.
1148 512 1260 543 Jacobi
1277 511 1363 542 ultra
1382 512 1501 542 Arnum
1523 511 1712 550 florentin„
1731 516 1758 542 et
1779 511 1898 544 archid.
1915 512 2031 543 minori
2049 511 2286 548 Cumanorum,
2304 522 2342 543 ac

732 563 925 595 thesaurario
941 564 1116 597 Florentio.
1137 565 1210 596 eccl.
1229 566 1342 597 mand.
1361 567 1397 597 ut
1417 565 1610 597 Pcrcivallo
1628 567 1705 597 nato
1728 575 1761 596 n.
1778 575 1810 596 v.
1823 566 1968 598 ,Ioannis
1985 566 2026 597 de
2041 566 2161 604 Podio,
2177 565 2259 598 cler.
2272 566 2341 597 Lu-

730 626 818 656 can.,
838 618 897 658 qni
913 618 955 650 ob
972 619 1311 659 devotionem‚quam
1329 619 1371 650 ad
1385 620 1576 651 Romanam
1596 620 1682 659 gerit
1699 619 1900 658 Ecclesiam,
1916 628 1976 659 per
1990 619 2167 651 indevotos
2181 619 2342 651 Ecclesiae

731 680 774 703 ex
788 672 888 703 domo
912 672 1051 713 propria
1068 673 1208 704 exulare
1231 673 1458 713 compellitur,
1478 673 1654 718 conferant
1677 673 1847 713 hospitale
1864 682 1892 704 s.
1911 673 1994 705 Sani
2015 673 2055 704 de
2076 672 2341 709 Sextomoriani,

731 727 854 757 Lucan.
879 726 940 762 di.,
957 727 1116 766 spectans
1138 727 1180 757 ad
1205 726 1467 767 dispositionem
1493 726 1563 766 ep.i
1579 726 1633 758 vel
1659 726 1800 766 capituli
1821 726 1961 764 Lucan..
1980 727 2013 758 et
2035 735 2107 759 vac.
2124 735 2186 767 per
2211 725 2343 758 obitum

731 780 938 811 Bertramini
962 780 1003 811 de
1028 780 1206 816 Cremona,
1223 781 1264 811 de
1286 789 1353 820 quo
1374 780 1492 811 nullus
1513 781 1634 820 praeter
1656 789 1780 820 papam
1802 780 1864 811 hac
1885 780 1958 812 vice
1975 780 2156 820 disponere
2176 781 2293 820 potest·
2302 788 2343 812 eo

732 834 824 874 quod
846 833 990 865 ecclesia
1012 834 1147 865 Lucana
1172 835 1309 873 pastore
1332 837 1423 865 caret
1448 833 1490 864 ad
1515 842 1677 874 praesens,
1692 834 1841 874 dictique
1855 833 2044 874 capitulum
2062 833 2134 865 fore
2156 834 2344 865 noscuntur

733 887 964 919 ecclesiastico
988 887 1158 927 suppositi
1182 887 1363 918 interdicto
1370 897 1379 924 ;
1403 887 1587 918 dummodo
1612 887 1648 918 id
1671 896 1739 918 non
1763 887 1876 919 obviet
1899 886 2136 919 constitutioni
2163 895 2266 927 super
2281 886 2344 919 hoc

733 942 831 973 editae
845 941 878 972 in
896 941 1038 973 concilio
1054 941 1221 972 Viennen.
1237 940 1290 982 (A.
1305 942 1357 977 31,
1375 941 1399 972 f.
1412 941 1473 972 354
1489 946 1519 977 α;
1544 940 1576 972 V.
1598 942 1652 979 88,
1670 949 1723 981 ep.
1740 942 1848 980 3329.)

777 992 916 1025 42069.
935 1014 973 1018 -
993 994 1103 1026 Anello
1119 999 1193 1025 nato
1211 994 1373 1025 Franciscz·
1391 994 1426 1024 de
1443 994 1600 1035 Raynerio
1619 994 1654 1024 de
1673 994 1782 1026 Gaieta
1799 994 1936 1026 collatio
1963 994 2043 1026 eccl.
2066 1003 2094 1026 S.
2118 993 2282 1034 Stephani
2303 993 2344 1026 de

733 1050 818 1081 villa
831 1050 966 1081 Casorae
980 1051 1012 1080 et
1025 1058 1053 1080 s.
1063 1049 1227 1084 Eufamae,
1241 1049 1405 1080 Aversan.
1417 1048 1476 1085 di.,
1487 1057 1559 1079 vac.
1576 1057 1636 1088 per
1650 1047 1783 1080 obitum
1798 1048 1930 1088 Ligorii
1942 1048 1984 1079 de
1993 1048 2131 1086 Suessa,
2144 1048 2185 1079 de
2201 1048 2344 1084 Aversa.

734 1102 833 1135 electi
848 1103 1031 1140 Aversani;
1049 1111 1115 1133 non
1139 1102 1224 1134 obst.
1241 1102 1350 1142 gratia
1365 1101 1406 1133 de
1421 1110 1541 1133 canon.
1557 1101 1638 1133 eccl.
1655 1101 1840 1139 Gaietanae,
1854 1110 1892 1133 ac
1909 1101 1950 1133 de
1964 1109 2031 1133 uno
2048 1101 2159 1133 benef.
2173 1100 2216 1132 ad
2230 1099 2343 1132 collat.

734 1158 803 1198 ep.i
816 1157 986 1192 Gaieian.,
1004 1164 1107 1195 super
1132 1164 1199 1195 qua
1215 1155 1367 1187 nondum
1383 1155 1507 1187 litterae
1525 1156 1606 1187 sunt
1625 1155 1776 1187 bullatae.
1794 1173 1834 1178 -—
1851 1155 1878 1188 I.
1898 1164 1927 1187 e.
1946 1164 1991 1187 m.
2012 1154 2099 1187 Urso
2115 1154 2284 1186 Minutulo
2299 1153 2343 1187 el.

735 1211 915 1248 Idrontin.,
931 1212 963 1241 et
981 1209 1130 1241 Roberto
1146 1209 1328 1247 Minutulo,
1347 1209 1578 1249 Neapolitan.,
1596 1218 1636 1240 ac
1655 1209 1798 1240 Nicolao
1815 1209 1856 1240 de
1877 1208 2023 1246 Fractis,
2042 1217 2116 1240 can.
2136 1208 2216 1240 eccl.
2231 1207 2348 1240 Patra-

736 1273 820 1302 cen.,
838 1264 904 1295 litt.
924 1265 1033 1303 apost.
1051 1263 1242 1294 correctori.
1258 1263 1310 1302 (A.
1328 1265 1381 1300 31,
1397 1263 1422 1294 f.
1438 1264 1494 1294 391
1513 1268 1542 1299 ¹23
1566 1262 1599 1294 V.
1613 1264 1665 1300 88,
1681 1271 1733 1302 ep.
1752 1263 1860 1301 3423.)

781 1315 919 1348 42070.
935 1335 974 1340 -
991 1316 1109 1358 Anyelo
1127 1321 1200 1347 nato
1224 1317 1394 1348 Joannucz‘z'
1413 1316 1579 1347 Baraballi
1602 1315 1639 1346 de
1662 1316 1789 1348 Fractz's
1805 1315 1979 1347 confertur
1995 1315 2138 1349 ecelesia
2160 1324 2188 1347 S.
2208 1314 2347 1348 Caesarii

737 1373 778 1404 de
804 1372 898 1404 Villa
923 1371 1063 1408 Juliani,
1085 1370 1252 1402 Aversan.
1283 1370 1343 1408 di.,
1363 1379 1436 1401 vac.
1454 1379 1514 1410 per
1542 1369 1674 1401 obitum
1703 1378 1790 1410 mag.
1811 1369 1947 1401 Nicolai
1974 1369 2116 1409 Rogerii
2145 1369 2289 1401 Joannis
2306 1368 2348 1401 de

737 1427 854 1465 Tayno
869 1426 910 1457 de
926 1424 1070 1462 Fractis‚
1086 1424 1174 1464 apud
1189 1424 1225 1456 S.
1237 1424 1277 1455 A.
1289 1424 1451 1455 defuncti.
1467 1441 1507 1446 —
1521 1423 1547 1454 Ι.
1565 1432 1594 1455 e.
1612 1432 1657 1455 m.
1674 1425 1711 1455 ut
1722 1432 1749 1454 s.
1765 1423 1818 1461 (A.
1829 1423 1916 1459 31,f.
1925 1424 1983 1455 391
2002 1422 2033 1460 b,
2057 1422 2089 1454 V.
2102 1423 2154 1460 88,
2169 1430 2222 1463 ep.
2239 1422 2349 1463 3424.)

782 1477 922 1509 42071.
939 1497 977 1502 -
997 1477 1073 1508 Urso
1087 1476 1245 1509 Minutulo
1259 1477 1298 1508 el.
1317 1476 1488 1513 Idrontin„
1503 1481 1532 1507 et
1546 1476 1681 1507 Roberto
1699 1476 1868 1514 Minutulo,
1883 1475 2100 1518 Neapolitan„
2117 1485 2152 1507 ac
2166 1475 2299 1507 Nicolao
2311 1475 2350 1507 de

736 1534 871 1571 Fractis,
896 1543 965 1564 can.
982 1531 1055 1562 eccl.
1082 1531 1262 1568 Patracen„
1281 1530 1341 1562 litt.
1362 1535 1462 1572 apost.
1488 1531 1668 1568 correctori,
1687 1530 1802 1562 mand.
1819 1531 1857 1561 ut
1881 1529 2004 1567 odoni,
2021 1531 2100 1561 nato
2120 1529 2235 1561 Anelli
2249 1529 2350 1561 Bara-

736 1588 832 1622 balli‚
849 1587 928 1618 cler.
946 1586 1115 1623 Gaietan.,
1133 1585 1306 1617 conferant
1323 1580 1504 1617 ecclesiam
1519 1594 1547 1616 s.
1564 1584 1715 1616 Simonis
1731 1584 1772 1615 de
1790 1583 1885 1615 Villa
1903 1583 2193 1615 Frastratulorum
2217 1583 2258 1614 de
2275 1591 2348 1623 per—

736 1641 892 1673 tinentiis
914 1639 1099 1676 Mariliani‚
1118 1647 1145 1670 c.
1166 1648 1207 1674 c..
1220 1638 1343 1670 Nolan.
1365 1638 1427 1675 di.,
1443 1647 1515 1669 vac.
1532 1646 1592 1678 per
1611 1638 1852 1669 dimissionem
1878 1645 1898 1668 a
1914 1637 2017 1668 Petro
2032 1637 2073 1668 de
2099 1636 2231 1668 Comite
2249 1636 2350 1677 Juxta

738 1695 872 1726 constit.
892 1701 995 1732 super
1010 1692 1206 1732 pluralitate
1219 1691 1329 1723 benef.
1349 1692 1485 1723 factam.
1499 1691 1552 1731 (A.
1569 1693 1621 1727 31,
1641 1691 1664 1721 f.
1683 1692 1743 1722 392
1758 1696 1787 1728 ³3
1810 1690 1844 1721 V.
1862 1691 1915 1727 88,
1933 1699 1986 1731 ep.
2002 1691 2109 1729 3425.)

782 1745 922 1778 42072.
942 1765 980 1770 -
996 1745 1125 1776 Filardo
1141 1749 1215 1776 nato
1228 1744 1334 1776 Anelli
1347 1744 1526 1781 Baraballi,
1540 1744 1576 1775 de
1595 1744 1716 1780 Gaieca,
1734 1744 1816 1781 mil.,
1833 1743 2053 1776 conferuntur
2067 1743 2220 1775 ecclesiae
2233 1744 2352 1776 s.Bar-

736 1801 910 1833 tholomaei
929 1800 970 1831 de
982 1800 1094 1836 JoniS‚
1110 1808 1138 1830 s.
1156 1799 1226 1831 Viti
1244 1798 1383 1835 Pitzuli‚
1401 1807 1428 1830 s.
1445 1798 1555 1830 Heliae
1568 1799 1602 1830 et
1617 1799 1653 1831 S.
1672 1798 1717 1830 M.
1736 1798 1777 1829 de
1794 1798 1941 1838 Sammo,
1960 1805 1988 1829 s.
2006 1806 2048 1836 c.‚
2065 1797 2269 1829 Salernitan.
2289 1797 2348 1836 di.,

736 1864 808 1886 vac.
827 1863 888 1894 per
910 1853 1040 1885 obitum
1059 1852 1236 1884 Laurentii
1260 1851 1503 1892 AcconzaJOcu,
1521 1852 1557 1884 S.
1573 1853 1612 1883 A.
1629 1860 1701 1891 cap.
1711 1861 1720 1888 3
1745 1860 1812 1883 non
1838 1850 1924 1883 obst.
1943 1851 2034 1892 quod
2055 1859 2172 1882 canon.
2192 1850 2348 1883 Graietan.

737 1910 771 1941 et
787 1909 939 1940 Calinen.
957 1907 1051 1943 eccl„
1070 1915 1202 1938 necnon
1219 1915 1247 1937 s.
1263 1906 1398 1938 Nicolai
1412 1906 1453 1937 de
1470 1905 1588 1937 Calvis
1599 1906 1641 1950 de
1656 1905 1737 1942 Itro,
1756 1914 1784 1937 s.
1801 1904 1924 1945 Angeli
1942 1905 1983 1936 de
2001 1904 2118 1945 Sugio,
2135 1913 2182 1936 ss.
2199 1904 2352 1936 Simonis

738 1964 771 1994 et
785 1962 881 1993 Judae
898 1962 938 1992 de
954 1961 1093 2001 spineo,
1112 1969 1140 1991 s.
1155 1959 1344 1997 Eustachii,
1361 1968 1388 1990 s.
1409 1959 1610 1996 Catherinae,
1627 1959 1661 1991 S.
1679 1959 1725 1991 M.
1743 1959 1784 1990 de
1799 1959 1819 1990 J
1823 1960 1898 1990 utro
1915 1959 1949 1990 et
1965 1967 1992 1989 s.
2009 1958 2152 1991 Joannis
2168 1958 2210 1990 de
2226 1957 2350 1997 Ebulo,

738 2026 766 2048 s.
782 2015 972 2054 Eustachii,
987 2023 1017 2045 s.
1034 2013 1153 2045 Crucis
1179 2013 1219 2044 de
1241 2013 1399 2053 Bayrano
1422 2014 1456 2044 et
1475 2012 1707 2044 s.Sa1vatoris
1735 2013 1775 2044 de
1799 2012 1912 2050 Petra,
1935 2011 2105 2050 Gaietan„
2128 2011 2350 2049 salernitan..

737 2070 887 2103 Stabien.
906 2070 938 2100 et
954 2068 1124 2100 Theanen.
1139 2067 1199 2106 di.,
1218 2076 1256 2098 ac
1272 2075 1299 2097 s.
1318 2066 1429 2098 Blasii
1442 2075 1546 2107 prope
1563 2067 1724 2098 Suessam
1740 2066 1917 2105 ecclesias,
1929 2074 2058 2098 necnon
2071 2066 2226 2106 quaedam
2237 2065 2350 2098 benef.

739 2133 776 2156 ac
791 2123 957 2163 quasdam
971 2122 1080 2162 petias
1095 2122 1205 2158 terrae,
1223 2121 1403 2151 consuetas
1416 2119 1551 2151 clericis
1566 2120 1680 2152 saecul.
1695 2120 1731 2151 in
1746 2129 1841 2160 perp.
1854 2119 1965 2151 benef.
1975 2119 2158 2159 assignari,
2171 2119 2208 2150 in
2221 2118 2353 2151 eisdem

738 2178 893 2210 Gaietan.
913 2178 945 2207 et
963 2176 1131 2207 Theanen.
1152 2174 1197 2205 di.
1216 2173 1379 2210 obtineat,
1397 2175 1430 2205 et
1448 2174 1539 2214 quod
1556 2182 1584 2204 s.
1602 2173 1776 2209 Barbarae,
1791 2183 1819 2205 s.
1837 2173 1981 2206 Joannis
1998 2173 2040 2204 ad
2061 2173 2154 2205 Mare
2172 2181 2211 2204 ac
2234 2181 2262 2204 s.
2279 2172 2353 2204 Viti

738 2231 893 2263 Gaietan.
909 2229 1133 2260 ecclesiarum
1154 2227 1300 2259 clericus
1323 2226 1460 2259 existat.
1479 2245 1518 2250 —
1533 2227 1560 2259 1.
1582 2236 1613 2259 e.
1635 2236 1681 2258 m.
1707 2227 1796 2259 Urso
1818 2227 1862 2258 el.
1878 2227 2058 2264 Idrontin„
2075 2227 2109 2258 et
2129 2225 2278 2258 Roberto
2291 2225 2352 2258 Mi-

740 2284 870 2320 nutulo,
898 2282 1129 2322 Neapolitan„
1152 2290 1190 2312 ac
1205 2281 1348 2312 Nicolao
1375 2281 1416 2312 de
1443 2281 1591 2318 mactis,
1617 2281 1683 2313 litt.
1713 2282 1822 2321 apost.
1844 2280 2038 2318 correctori,
2069 2280 2245 2312 Patracen.
2269 2278 2350 2311 eccl.

740 2347 814 2370 can.
829 2337 883 2376 (A.
899 2338 949 2372 31,
965 2336 987 2366 f.
1005 2337 1066 2367 396
1078 2340 1106 2371 ⁵;
1131 2334 1164 2365 V.
1179 2335 1232 2372 88,
1249 2343 1302 2374 ep.
1319 2335 1427 2372 3438.)

784 2387 923 2420 42θ73.
942 2406 982 2412 -—
1002 2389 1186 2424 Laurentio,
1203 2392 1277 2418 nato
1297 2387 1445 2419 Riccardi
1469 2388 1660 2426 Pharaonis,
1679 2388 1745 2419 mil.
1774 2387 1931 2426 Gaietan„
1959 2387 2179 2419 conferuntur
2202 2386 2354 2419 ecclesiae

740 2454 768 2477 s.
789 2443 924 2477 Nicolai
940 2452 967 2475 s.
985 2442 1083 2475 Sossi
1100 2442 1141 2473 de
1156 2442 1529 2484 Villafracta‚,majoris
1552 2451 1582 2473 s.
1597 2441 1724 2474 Felicis
1746 2442 1786 2474 de
1803 2441 1886 2473 villa.
1903 2440 2035 2473 sullani
2053 2442 2087 2473 et
2111 2449 2140 2472 s.
2165 2440 2355 2472 Salvatoris

740 2499 782 2530 de
795 2498 889 2530 Villa
903 2496 1059 2533 Olivolae,
1084 2496 1247 2527 Aversan.
1266 2495 1326 2533 di.,
1344 2504 1371 2526 s.
1393 2504 1435 2533 c.,
1452 2504 1526 2527 vac.
1544 2504 1604 2536 per
1630 2495 1762 2527 obitum
1782 2495 1917 2528 Mathaei
1939 2494 2120 2527 Filmarini
2136 2494 2178 2526 de
2195 2493 2353 2534 Neapoli,

742 2552 832 2592 apud
848 2552 878 2582 S.
899 2550 940 2582 A.
964 2549 1117 2582 defuncti
1124 2558 1134 2586 5
1157 2557 1226 2580 non
1251 2548 1340 2580 obst.
1365 2549 1456 2589 quod
1477 2549 1623 2580 clericus
1649 2549 1729 2581 eccl.
1749 2558 1776 2580 s.
1801 2550 1901 2581 Lucae
1916 2548 1958 2580 de
1983 2548 2172 2584 Maranula,
2198 2547 2352 2580 Gaietan.
2375 2571 2377 2573 -

741 2605 802 2643 di.,
819 2604 956 2640 existat,
973 2603 1131 2644 quodque
1146 2602 1257 2642 pridie
1272 2611 1362 2643 papa
1380 2602 1448 2642 ipsi
1465 2602 1592 2643 gratias
1608 2602 1782 2640 feceritde
1800 2611 1919 2634 canon.
1936 2603 1968 2633 et
1985 2602 2140 2642 portione
2157 2601 2238 2632 eccl.
2255 2600 2355 2633 Gaio·
2405 2618 2409 2621 ‡
2448 2581 2476 2626 s

740 2660 824 2696 tan„
842 2666 972 2689 necnon
991 2657 1032 2688 de
1059 2665 1127 2688 uno
1148 2655 1260 2687 benef.
1279 2664 1307 2687 s,
1326 2665 1354 2687 c.
1380 2656 1422 2687 ad
1446 2655 1692 2696 cuiuscumque
1716 2656 1829 2687 collat.
1857 2655 1994 2696 pertin„
2015 2655 2052 2687 in
2074 2655 2212 2687 civitate
2233 2654 2289 2686 vel
2306 2653 2353 2687 di.

741 2711 955 2752 Neapolitan.
971 2711 1005 2742 et
1019 2710 1156 2748 Nolam,
1171 2717 1276 2749 super
1294 2709 1422 2749 quibus
1437 2709 1559 2749 gratiis
1573 2709 1724 2741 nondum
1742 2709 1863 2740 litterae
1878 2709 2015 2740 bullatae
2031 2709 2193 2740 existunt.
2217 2726 2258 2732 -
2269 2708 2297 2739 Ι.
2323 2716 2352 2739 6.

742 2774 788 2797 m.
807 2766 845 2796 ut
861 2774 889 2796 s.
911 2765 962 2803 (A.
980 2765 1031 2801 31,
1047 2764 1071 2795 f.
1087 2765 1148 2795 408
1166 2769 1195 2801 ⁸5
1222 2763 1253 2794 V.
1273 2765 1326 2801 88,
1343 2772 1396 2803 ep.
1412 2762 1524 2803 3471.)

787 2815 925 2849 42074.
944 2837 984 2842 —
1000 2817 1140 2856 Falconi,
1161 2827 1230 2858 ep.o
1243 2816 1440 2854 Noviomen.‚
1458 2817 1630 2848 indultum
1646 2817 1688 2848 ad
1708 2817 1897 2848 triennium
1912 2815 2158 2848 ‘reconciliandi
2172 2824 2233 2856 per
2248 2815 2354 2847 alium

742 2873 905 2905 ecclesias
921 2873 953 2904 et
970 2871 1162 2903 coemeteria
1177 2863 1304 2902 violata
1320 2879 1460 2902 suarum
1477 2870 1570 2902 civit.
1587 2871 1621 2901 et
1636 2870 1681 2901 di.
1701 2870 1754 2909 (A.
1771 2872 1823 2908 31,
1844 2870 1866 2901 f.
1885 2871 1942 2902 151
1960 2869 1993 2906 ὓς
2017 2869 2052 2901 V.
2069 2871 2120 2907 87,
2141 2878 2193 2909 ep.
2207 2870 2314 2908 2909.)

788 2923 925 2956 42075.
947 2943 987 2948 —-
1006 2925 1150 2962 Falconi,
1177 2934 1247 2966 epo
1272 2924 1466 2961 Noviomen„
1485 2923 1660 2956 relaxatur
1679 2923 1912 2964 juramentum
1938 2923 2101 2955 visitandi
2122 2922 2355 2963 apostolorum

743 2980 863 3012 limina
877 2979 1022 3020 singulis
1038 2979 1200 3011 bienniis.
1217 2979 1269 3018 (A.
1289 2980 1340 3016 31,
1360 2978 1382 3009 f.
1401 2979 1458 3009 188
1477 2983 1507 3014 ²3
1534 2977 1567 3009 V.
1585 2979 1636 3015 87,
1655 2986 1707 3018 ep.
1724 2978 1831 3017 2926.)
