2560 3476
350 334 408 363 266

384 421 484 446 Datum
502 416 527 448 A
534 413 683 446 venione.

417 522 455 549 24
471 522 540 548 maii
558 520 645 548 1328.

429 566 472 601 (ix
486 565 546 592 kal.
561 565 636 601 jun.)

441 610 471 638 T.
494 610 539 643 XI,
558 610 629 636 XIII.

493 735 528 762 Ut
546 743 568 761 s.

437 779 467 806 T.
486 779 531 810 XI,
548 778 619 805 XIII.

494 842 528 869 Ut
549 850 573 870 s.

437 887 468 914 T.
488 887 534 920 XI,
550 886 622 914 XIII.

492 949 525 976 Ut
539 958 563 976 s.

438 994 469 1021 T.
484 994 531 1026 XI,
545 994 618 1022 XIII.

414 1110 455 1137 25
469 1111 538 1137 maii
554 1109 644 1139 1328.

414 1159 482 1191 (v111
497 1155 556 1182 kal.
569 1154 646 1191 jun.)

473 1200 504 1226 T.
523 1199 581 1228 XX.

492 1326 527 1353 Ut
542 1334 565 1352 s.

435 1370 465 1397 τ.
483 1370 527 1404 XI,
545 1371 616 1397 xm.

486 1594 522 1621 Ut
540 1603 565 1621 s.

471 1639 502 1666 Τ,
523 1639 582 1666 XII.

483 1969 517 1996 Ut
537 1978 561 1996 s.

447 2014 479 2042 T.
501 2013 596 2043 XXIV.

483 2185 518 2212 Ut
536 2193 560 2214 s.

458 2229 488 2255 T.
510 2229 580 2256 xvi.

482 2397 516 2424 Ut
535 2406 560 2425 s.

444 2442 476 2469 T.
497 2442 592 2471 XXVI.

482 2559 518 2586 Ut
533 2567 557 2586 s.

443 2603 475 2630 Τ.
498 2603 595 2631 XXIV.

476 2718 512 2746 Ut
533 2727 556 2746 s.

466 2764 496 2791 T.
515 2764 572 2790 XII.

747 327 920 358 JOANNIS
945 326 1063 356 PAPAE
1085 326 1187 356 XXII.
1211 326 1462 366 (1316-1334).
1485 344 1523 348 —
1546 326 1734 357 LITTERAE
1757 327 1983 359 COMMUNES

823 515 959 547 41283.
978 534 1015 539 —
1029 517 1148 548 Joanm·
1163 521 1236 547 nato
1253 527 1283 546 η.
1304 526 1332 547 υ.
1352 515 1492 548 Clarucii
1507 515 1544 546 de
1571 514 1715 554 Galufiis,
1734 516 1807 547 cler.
1826 516 2014 554 Bononien..
2028 519 2138 558 gratia
2158 528 2255 560 exsp.
2273 520 2384 553 benef.

778 581 806 603 s.
823 581 851 603 c.
870 573 922 611 (50
939 572 1010 603 flor.
1031 571 1130 610 auri),
1156 571 1191 601 in
1211 570 1305 602 civit.
1323 570 1376 601 vel
1395 570 1440 601 di.
1460 570 1662 608 Bononien.‚
1680 571 1802 610 pertin.
1821 571 1863 602 ad
1879 571 1993 603 collat.
2013 571 2082 612 ep.i
2099 574 2132 604 et
2147 573 2249 613 capit.
2272 574 2384 606 Bono-

778 626 867 657 nien.
886 643 924 648 —-
948 625 975 656 Ι.
997 633 1025 655 e.
1048 634 1093 655 m.
1111 633 1138 655 s.
1157 623 1294 655 Proculi
1314 626 1390 654 ets.
1414 623 1579 663 Stephani
1597 623 1788 660 abbatibus,
1807 633 1845 655 ac
1867 625 1974 664 priori
1997 633 2026 656 s.
2054 625 2305 664 Bartholomaei,
2322 636 2384 668 per

776 680 924 719 priorem
943 679 1035 710 sollti
1050 678 1142 717 gub„
1161 677 1448 708 monasteriorum
1464 677 1651 708 Bononien.
1669 677 1723 716 (A.
1741 679 1793 716 31,
1813 677 1836 709 f.
1856 679 1917 709 236
1927 683 1956 716 ²3
1979 678 2015 710 V.
2030 680 2082 716 88,
2097 687 2151 720 ep.
2169 681 2277 719 3059.)

819 729 958 762 41284.
977 750 1017 755 -
1034 731 1151 763 loanni
1173 730 1323 762 Almerici
1343 730 1522 760 Bartholim'
1541 739 1637 770 prov.
1655 739 1775 762 canon.
1799 731 1862 762 sul)
1882 740 1978 772 exsp.
2003 732 2106 772 praeb.
2130 733 2210 765 eccl.
2239 734 2382 777 cesena-

774 786 894 817 tensis.
908 803 946 809 —
962 786 987 816 I.
1002 794 1030 816 e.
1054 794 1098 816 m.
1116 786 1152 815 ut
1167 793 1194 816 s.
1214 793 1245 815 n.
1266 784 1379 815 41280.
1396 783 1448 824 (A.
1468 785 1518 819 31,
1535 783 1557 815 f.
1574 785 1633 815 247
1651 789 1679 820 ¹;
1702 783 1735 814 V.
1753 785 1804 822 88,
1824 793 1876 824 ep.
1892 785 2001 825 3073.)

820 837 957 869 41285.
977 857 1018 862 —-
1031 838 1173 875 Nicolao,
1193 842 1267 868 nato
1286 837 1443 878 quondam
1458 837 1626 878 Bonifatii,
1645 837 1682 868 de
1696 837 1808 878 Siqna,
1824 838 1951 870 similis
1962 839 2071 879 gratia
2087 839 2123 871 in
2139 840 2284 873 ecclesia
2298 841 2367 874 Vul

773 894 882 924 teran.
898 911 936 916 —
959 893 985 924 Ι.
1010 902 1038 924 e.
1056 901 1100 923 m.
1119 894 1155 923 ut
1170 901 1196 923 s.
1215 892 1268 932 (A.
1288 893 1339 929 31,
1358 891 1381 922 f.
1398 892 1458 922 247
1478 891 1507 927 ¹³;
1531 891 1565 922 V.
1581 892 1632 929 88,
1651 900 1703 931 ep.
1724 893 1830 930 3074.)

820 944 958 976 41286.
977 965 1018 969 —
1036 946 1155 977 Joanm'
1168 945 1265 986 Dyni,
1281 945 1318 975 de
1335 945 1556 985 Formaylinis,
1577 955 1645 976 can.
1667 945 1805 987 praeben.
1832 945 1904 977 eccl.
1922 945 1959 976 S.
1981 947 2024 978 M.
2047 947 2180 988 Major-is
2193 947 2382 988 Bononienq

773 1010 868 1040 prov.
885 1010 1003 1032 canon.
1031 1001 1094 1031 sub
1112 1009 1207 1039 exsp.
1225 999 1328 1039 praeb.
1348 999 1429 1030 eccl.
1454 999 1740 1031 Ravennatensis.
1758 1016 1798 1022 —
1811 999 1839 1030 I.
1858 1008 1887 1031 e.
1913 1009 1958 1031 m.
1975 1003 2013 1032 ut
2029 1009 2056 1033 s,
2083 1001 2138 1042 (A.
2155 1003 2207 1039 31,
2229 1001 2252 1034 f.
2273 1003 2332 1034 29¹
2350 1002 2383 1042 ¹²3

778 1055 813 1086 V.
837 1056 888 1091 88,
906 1063 958 1094 ep.
974 1054 1082 1094 3197.)
2182 1052 2186 1053 ’

818 1105 958 1138 41287.
977 1126 1014 1131 -
1038 1107 1078 1138 Ν.
1099 1118 1127 1138 υ.
1147 1107 1241 1137 Petro
1262 1106 1399 1147 (lychni,
1428 1106 1487 1136 civi
1509 1106 1705 1144 Urbevetan.,
1732 1110 1761 1136 et
1776 1117 1807 1137 n.
1830 1117 1871 1137 m.
1893 1107 2033 1145 Joannae,
2053 1112 2133 1139 natae
2148 1118 2178 1140 n.
2202 1118 2230 1140 v.
2251 1108 2334 1141 Colae
2348 1109 2385 1141 de

776 1161 907 1192 Cellulis
924 1172 961 1192 ex
981 1161 1115 1192 dominis
1140 1160 1177 1191 de
1197 1161 1349 1196 Farneto,
1373 1160 1511 1192 Castren.
1541 1159 1599 1198 di.,
1618 1161 1769 1200 dispens.
1790 1169 1894 1201 super
1916 1166 1963 1191 1v⁰
1979 1161 2200 1202 consanguin.
2221 1163 2327 1203 gradu
2347 1163 2385 1195 in

774 1216 920 1247 matrim.
940 1224 1000 1255 pro
1023 1215 1110 1246 bono
1136 1215 1230 1255 pacis
1246 1214 1494 1251 contrahendo;
1512 1214 1786 1254 supplicantibus
1813 1214 1924 1254 ipsius
1946 1215 2086 1246 Joannae
2109 1217 2204 1255 patre
2233 1217 2267 1248 et
2291 1225 2325 1248 n.
2347 1225 2383 1247 v.

773 1269 875 1300 Petro
892 1269 932 1300 de
948 1269 1160 1303 Urbeveteri,
1179 1268 1331 1308 ejusdem
1350 1268 1442 1299 Petri
1461 1269 1591 1307 patruo.
1608 1267 1660 1306 (A.
1679 1269 1730 1306 30,
1749 1267 1772 1299 f.
1789 1269 1849 1300 364
1867 1267 1896 1305 ¹’;
1920 1268 1955 1300 V.
1975 1269 2026 1305 86,
2042 1277 2096 1308 ep.
2115 1270 2221 1309 1822.)

818 1320 957 1352 41288.
981 1340 1021 1345 —
1043 1322 1181 1363 Aqapito
1203 1321 1240 1352 de
1261 1321 1434 1363 columpna
1457 1321 1594 1353 collatio
1617 1330 1735 1353 canon.
1763 1323 1796 1353 et
1822 1321 1925 1361 praeb.
1950 1322 2031 1354 eccl.
2058 1323 2292 1362 catalaunen„
2309 1333 2381 1357 vac.

773 1386 833 1417 per
851 1377 980 1407 obitum
1002 1384 1089 1416 mag.
1117 1375 1310 1415 Pandulphi
1328 1376 1369 1406 de
1386 1375 1532 1412 Sabello,
1560 1376 1660 1415 Papae
1679 1377 1748 1407 not.
1763 1385 1773 1411 ;
1793 1384 1861 1406 non
1885 1375 1973 1407 obst.
1991 1376 2027 1407 in
2045 1377 2244 1409 Laudunen.
2264 1379 2296 1409 et
2309 1377 2383 1410 Tri-

773 1430 901 1462 dentin.
920 1439 1037 1461 canon.
1054 1432 1086 1461 et
1107 1429 1223 1469 praeb.,
1249 1438 1286 1460 ac
1309 1430 1343 1460 in
1361 1429 1593 1461 Constantien.
1611 1429 1691 1460 eccl.
1717 1438 1835 1461 canon.
1854 1428 1918 1460 sub
1942 1438 2039 1470 exsp.
2060 1429 2163 1470 praeb.
2184 1449 2223 1454 —
2244 1430 2272 1462 1.
2288 1439 2317 1463 e.
2333 1439 2382 1463 m.

773 1494 799 1515 s.
818 1483 992 1515 Laurentii
1008 1485 1105 1515 extra
1119 1491 1237 1514 muros
1250 1482 1354 1515 Urbis
1369 1484 1402 1514 et
1419 1491 1448 1514 s.
1467 1482 1562 1514 Petri
1577 1482 1618 1513 ad
1634 1483 1769 1514 montes
1783 1483 2004 1515 catalaunen.
2023 1484 2310 1516 monasteriorum
2326 1484 2383 1516 ab·

772 1537 920 1575 batibus,
940 1546 977 1568 ac
995 1537 1177 1568 Laurentio
1193 1536 1358 1576 Capociae,
1378 1545 1451 1568 can.
1469 1537 1670 1567 Lateranen.
1693 1536 1744 1574 (A.
1757 1538 1808 1571 30,
1826 1536 1848 1567 f.
1867 1538 1927 1568 410
1940 1542 1970 1574 ³;
1990 1536 2023 1566 V.
2041 1538 2093 1573 86,
2111 1546 2164 1578 ep.
2184 1538 2290 1579 1929.)

818 1589 956 1620 41289.
976 1609 1017 1613 -
1030 1590 1183 1631 Philippo
1202 1590 1240 1620 R.
1256 1589 1296 1621 F.
1319 1589 1496 1621 Inhibetur
1514 1590 1557 1620 ad
1574 1590 1684 1621 instar
1700 1589 1856 1630 Gregorii
1875 1591 1975 1630 Papae
1990 1590 2051 1627 IX,
2069 1591 2128 1631 qui
2149 1591 2191 1622 ad
2209 1592 2382 1632 supplica·

772 1645 897 1676 tionem
918 1645 1041 1675 sanctae
1059 1644 1232 1675 memoriae
1249 1643 1339 1675 beati
1355 1643 1520 1675 Ludovici
1534 1643 1577 1674 R.
1595 1643 1647 1678 F..
1660 1643 1813 1682 eJusdem
1828 1644 1919 1684 regis
1934 1644 2173 1683 progenitoriS,
2189 1645 2280 1677 idem
2294 1645 2381 1677 inhi-

772 1698 856 1736 buit,
882 1700 918 1729 ut
940 1698 1002 1728 ulli
1023 1697 1123 1728 liceat
1146 1697 1296 1736 capellas
1318 1697 1391 1737 ejus
1413 1697 1646 1728 ecclesiastico
1668 1705 1859 1736 supponere
1884 1697 2074 1733 interdicto,
2091 1698 2160 1729 nisi
2177 1699 2218 1729 de
2242 1698 2383 1731 licentia
2439 1697 2442 1699 ’

771 1752 805 1784 S.
823 1753 864 1783 A.
886 1751 1023 1791 speciali
1032 1760 1041 1787 3
1060 1759 1152 1781 conc.
1173 1750 1313 1790 insuper
1327 1752 1373 1786 ut,
1389 1750 1419 1780 si
1435 1758 1533 1781 secus
1550 1751 1787 1789 attemptatum
1803 1750 1916 1786 fuerit,
1935 1750 2036 1782 liceat
2051 1751 2131 1791 ipsi,
2147 1753 2382 1784 excommuni-

772 1805 855 1836 catis
870 1807 902 1836 et
919 1804 1110 1835 interdictis
1126 1803 1288 1840 exclusis,
1308 1803 1343 1834 in
1365 1803 1507 1842 capellis
1524 1803 1612 1843 ipsis
1630 1803 1748 1834 audire
1767 1803 1880 1835 officia
1897 1804 2024 1842 divina,
2041 1813 2109 1836 non
2128 1805 2276 1845 pulsatis
2293 1815 2382 1838 cam·

769 1859 869 1898 panis
887 1859 919 1889 et
936 1857 1109 1889 submissa
1124 1865 1217 1888 voce.
1235 1857 1288 1896 (A.
1304 1859 1355 1893 30,
1373 1856 1395 1888 f.
1412 1858 1473 1888 420
1490 1862 1519 1893 ⁸3
1545 1856 1578 1887 V.
1595 1858 1648 1894 86,
1662 1865 1715 1897 ep.
1734 1859 1813 1889 1950
1822 1866 1831 1893 ;
1847 1858 1887 1889 Α.
1904 1858 2035 1896 Tardis,
2053 1858 2223 1900 Privileqes
2237 1860 2383 1892 accon-des

771 1916 789 1942 (ἰ
808 1912 839 1942 la
855 1921 1009 1942 couronne
1026 1911 1063 1942 de
1077 1911 1200 1942 France
1212 1920 1278 1952 par
1294 1910 1322 1941 le
1336 1910 1544 1952 Saint—Sieqe,
1561 1919 1593 1950 p.
1613 1912 1681 1946 189,
1701 1919 1733 1942 n.
1753 1911 1918 1951 CCXVI.)

813 1962 951 1995 41290.
971 1983 1009 1988 —
1026 1964 1140 1995 Eidem
1158 1964 1354 2004 indulgetur
1375 1965 1413 1995 ut
1428 1965 1605 1996 confessor
1625 1973 1709 1996 suus
1731 1965 1772 1995 de
1796 1965 1967 1996 visitando
1992 1965 2082 1996 infra
2098 1967 2228 1998 certum
2244 1968 2382 2008 tempus

769 2019 859 2050 beati
877 2019 996 2051 Jacobi
1011 2018 1157 2059 apostoli
1174 2018 1295 2049 limina
1311 2019 1344 2049 et
1362 2018 1517 2057 quaedam
1533 2019 1612 2049 vota
1629 2018 1697 2049 alia
1713 2027 1787 2058 quae
1805 2018 1879 2058 ipse
1896 2018 2021 2056 emisit,
2046 2028 2189 2060 quaeque
2204 2021 2380 2053 commode

769 2073 955 2112 adimplere
973 2081 1040 2104 non
1057 2072 1158 2108 valet,
1173 2071 1208 2102 in
1226 2071 1294 2102 alia
1309 2071 1448 2110 pietatis
1470 2079 1572 2111 opera
1587 2073 1795 2102 commutare
1814 2071 1921 2103 libere
1937 2072 2058 2112 possit.
2076 2072 2128 2112 (Α.
2153 2075 2204 2109 30,
2222 2073 2246 2105 f.
2269 2074 2330 2106 420
2344 2079 2379 2112 ⁸;

775 2126 808 2157 V.
828 2128 878 2161 86,
897 2135 949 2166 ep.
965 2127 1070 2164 1951.)

812 2177 951 2210 41291.
970 2197 1009 2202 -
1025 2179 1137 2210 Eidem
1155 2178 1222 2218 reyi
1242 2178 1438 2218 indulgetur
1460 2178 1502 2209 ad
1520 2178 1628 2210 instar
1647 2178 1835 2210 Clementis
1851 2179 1953 2219 Papae
1970 2180 2011 2216 V,
2032 2180 2090 2220 qui
2113 2179 2203 2212 idem
2218 2180 2378 2222 Philippo

768 2234 839 2274 regi
857 2233 1022 2270 Framiae,
1038 2234 1160 2273 patruo
1185 2232 1271 2272 ejus,
1290 2232 1446 2269 indulsit,
1466 2233 1504 2263 ut
1530 2232 1686 2263 ordinare
1702 2232 1813 2264 valeat
1833 2233 1923 2272 quod
1939 2241 2063 2273 corpus
2079 2233 2152 2273 ejus
2174 2233 2209 2265 in
2224 2243 2292 2266 una
2315 2243 2378 2267 seu

767 2288 915 2319 diversis
927 2287 1082 2318 ecclesiis
1100 2286 1173 2318 sive
1188 2286 1256 2326 piis
1279 2285 1365 2317 locis
1379 2285 1512 2325 integre
1529 2286 1584 2317 vel
1600 2286 1853 2326 particulariter
1871 2286 2071 2318 tumuletur.
2092 2286 2143 2325 (A.
2163 2288 2217 2326 30,
2232 2287 2255 2319 f.
2272 2289 2334 2321 420
2345 2293 2375 2325 ¹;

775 2341 808 2374 V.
824 2343 874 2376 86,
894 2350 947 2380 ep.
967 2342 1064 2376 19523
1079 2342 1120 2372 A.
1139 2339 1269 2376 Tardis,
1287 2348 1339 2380 op.
1359 2339 1425 2376 cit„
1442 2348 1474 2379 p.
1491 2340 1561 2376 190,
1577 2348 1610 2370 n.
1628 2339 1808 2378 CCXVII.)

811 2392 950 2425 41292.
969 2411 1007 2416 —
1021 2393 1133 2425 Eidem
1156 2393 1223 2434 reqi
1245 2392 1442 2432 indulgetur
1456 2394 1502 2430 ut,
1521 2401 1598 2424 cum
1627 2393 1668 2424 de
1685 2393 1759 2424 loco
1776 2393 1811 2424 in
1834 2394 1947 2425 locum
1967 2395 2000 2425 et
2019 2394 2062 2425 ad
2081 2395 2197 2434 partes
2222 2394 2378 2426 diversas

766 2450 880 2490 ipsum
898 2449 1093 2488 frequenter
1106 2447 1259 2488 oporteat
1273 2446 1455 2487 proficisci,
1479 2446 1580 2478 liceat
1598 2446 1666 2486 ipsi
1682 2455 1796 2478 secum
1813 2447 1937 2479 habere
1953 2447 2059 2479 altare
2080 2448 2239 2487 portatile
2254 2448 2290 2480 in
2308 2457 2376 2489 quo

766 2503 880 2538 etiam,
901 2503 1084 2542 antequam
1096 2501 1169 2532 dies
1180 2501 1367 2536 illucescat,
1378 2500 1543 2531 celebrari
1558 2499 1670 2532 facere
1680 2500 1802 2532 valeat.
1815 2502 1868 2541 (A.
1880 2503 1931 2538 30,
1945 2501 1968 2533 f.
1981 2502 2042 2533 420
2053 2501 2082 2537 ¹³3
2098 2501 2132 2533 V.
2144 2503 2196 2539 86,
2206 2511 2259 2542 ep.
2271 2502 2378 2543 1953.)

809 2553 947 2586 41293.
966 2573 1004 2579 -
1020 2554 1133 2586 Eidem
1148 2555 1215 2596 reqi
1231 2554 1404 2585 indultum
1421 2554 1566 2594 eligendi
1591 2554 1822 2586 confessorem
1840 2555 1898 2594 qui
1918 2555 1950 2586 ei
1965 2555 2117 2586 omnium
2138 2564 2276 2587 suorum
2299 2564 2376 2596 per-

765 2611 917 2642 catorum
934 2609 1174 2641 remissionem
1201 2608 1349 2648 plenam,
1376 2607 1495 2644 semel,
1513 2607 1549 2638 in
1567 2608 1686 2639 mortis
1708 2608 1873 2647 periculo,
1896 2608 2079 2640 concedere
2103 2609 2225 2642 valeat.
2250 2610 2305 2650 (A.
2323 2611 2376 2647 30,

764 2664 788 2695 f.
807 2665 869 2695 420
883 2663 913 2701 ¹³3
937 2663 974 2695 V.
994 2664 1045 2699 86,
1062 2671 1115 2703 ep.
1136 2663 1241 2700 1954.)
1478 2701 1485 2705 .

809 2714 946 2747 41294.
965 2735 1004 2741 -
1020 2716 1133 2747 Eidem
1152 2717 1228 2757 reqi.
1248 2715 1450 2755 Indulgetur
1469 2714 1657 2754 capellanis
1675 2715 1708 2746 et
1721 2714 1800 2746 cler.
1819 2715 1904 2752 suis,
1920 2716 1989 2747 tam
2002 2716 2175 2757 religiosis
2197 2725 2300 2756 quam
2316 2725 2376 2748 sae-

763 2771 948 2806 cularibus,
966 2769 1221 2802 celebrantibus
1245 2769 1399 2800 divinum
1426 2768 1577 2799 officium
1595 2777 1709 2800 coram
1722 2768 1811 2808 ipso,
1828 2777 1889 2800 seu
1906 2769 1940 2800 in
1956 2770 2098 2809 capella,
2117 2770 2172 2802 vel
2189 2770 2283 2802 curia
2298 2779 2373 2808 sua,

762 2825 817 2856 vel
837 2825 941 2856 etiam
958 2823 1165 2863 ubicumque
1181 2823 1216 2854 in
1235 2822 1308 2863 ejus
1328 2822 1470 2854 servitio
1488 2822 1664 2859 morando,
1684 2822 1784 2862 juxta
1801 2822 1903 2854 curiae
1919 2823 2031 2862 ipsius
2047 2832 2189 2862 morem,
2209 2825 2246 2855 ut
2262 2823 2306 2855 ad
2320 2833 2373 2855 ce-

761 2877 962 2910 lebrandum
989 2877 1083 2908 aliud
1107 2876 1272 2911 officium,
1291 2876 1334 2907 ad
1359 2876 1449 2916 quod
1469 2877 1630 2907 tenentur
1645 2875 1743 2916 juxta
1758 2876 2022 2908 constitutiones
2046 2885 2187 2909 suorum
2215 2877 2375 2909 ordinum

761 2932 816 2963 vel
831 2931 1098 2963 consuetudines
1114 2930 1336 2961 ecclesiarum
1351 2937 1503 2964 suarum,
1517 2929 1659 2960 minime
1675 2930 1866 2965 teneantur,
1882 2930 1923 2960 ad
1937 2929 2044 2962 instar
2058 2930 2214 2971 Gregorii
2226 2931 2327 2971 Papae
2340 2931 2374 2963 X

761 2985 820 3025 qui
838 2984 1024 3025 capellanis
1041 2985 1074 3016 et
1096 2983 1231 3015 clericis
1246 2983 1346 3015 clarae
1368 2982 1542 3014 memoriae
1560 2982 1712 3022 Philippi
1728 2983 1769 3014 R.
1796 2983 1849 3021 F„
1868 2983 2096 3024 progenitoris
2113 2985 2198 3025 ejus,
2215 2984 2305 3015 idem
2323 2984 2375 3015 in-

760 3038 878 3070 dulsit.
897 3038 951 3078 (A.
965 3039 1017 3076 30,
1032 3038 1054 3068 f.
1069 3038 1131 3069 420
1142 3036 1172 3075 b;
1190 3036 1226 3069 V.
1240 3038 1291 3074 86,
1305 3045 1357 3077 ep.
1372 3037 1477 3075 1955.)
