2560 3476
350 319 605 352 APPENDICES
628 319 684 350 AD
707 317 979 349 DUODECIMUM
1001 318 1197 349 BULLARII
1217 318 1392 349 JOANNIS
1414 317 1533 348 PAPAE
1554 317 1646 348 XXII
1668 317 1828 349 ANNUM.
1850 337 1888 341 —
1911 319 2149 358 (1316-1334)
2204 320 2265 350 389

309 514 329 543 3
345 517 429 542 mart.
449 512 538 541 1328.

278 784 384 811 Datum
398 778 571 812 Avenione

241 832 280 860 12
291 833 334 866 (ιν
347 831 403 864 id.)
418 834 503 860 mart.
520 829 610 858 1328.

332 881 420 913 (anno
439 876 522 910 X110).

274 1156 379 1183 Datum
398 1149 573 1184 Avenione

276 1205 289 1231 1
305 1203 390 1240 (kal.)
406 1212 468 1239 apr.
486 1204 574 1233 1328.

332 1249 422 1282 (anno
437 1249 524 1284 X110).

239 1416 259 1443 6
275 1417 343 1451 (vm
364 1416 416 1452 id.)
436 1424 499 1452 apr.
521 1417 611 1451 1328,

361 1460 422 1489 ind.
441 1461 487 1489 XI.

275 1580 382 1607 Datum
398 1575 575 1609 Avenione

311 1628 349 1656 20
364 1629 431 1663 ,ιἀη.
451 1624 540 1659 1328.

239 1677 295 1709 (xu
306 1675 367 1706 kal.
380 1674 434 1710 jul.
447 1683 524 1703 anno
537 1676 609 1712 ΧΠ).

243 1843 280 1871 10
294 1851 360 1878 auq.
381 1843 471 1876 1328,
487 1843 545 1871 ind.
565 1844 613 1871 XI.

282 2003 333 2030 Die
351 2002 491 2030 dominica
507 2003 568 2039 (sic)

242 2046 278 2075 15
291 2055 358 2082 auq.
373 2047 462 2080 1328,
475 2047 536 2075 ind.
551 2048 610 2077 X1⁸.

242 2161 280 2190 15
296 2170 363 2196 any.
379 2162 469 2195 1328,
486 2162 546 2191 ind.
564 2163 611 2192 XI.

239 2268 277 2295 21
294 2276 360 2303 aua.
382 2269 474 2301 1328,
489 2269 549 2297 iud.
566 2270 613 2297 xl.

390 2375 426 2403 Ut
445 2383 469 2404 e.

390 2481 426 2509 Ut
442 2489 466 2509 s.

327 2587 374 2614 Die
390 2578 531 2616 dominica

242 2629 278 2658 ει
294 2638 362 2666 aua.
382 2631 472 2664 4328,
487 2631 548 2661 ind.
565 2632 613 2662 xi.

387 2693 425 2720 Ut
440 2701 474 2720 ss

391 2798 426 2826 Ut
445 2807 470 2826 s.

391 2904 427 2932 Ut
447 2913 471 2932 s,

712 507 847 539 42431.
869 527 908 532 -
924 510 1105 550 Inquisitio
1122 509 1237 540 habita
1250 518 1311 549 per
1326 509 1562 547 Bertraudum,
1580 509 1789 549 archiep.um
1810 509 2035 545 Ebredunen„
2051 511 2083 540 et
2099 509 2270 541 Bartholo-

667 572 802 600 maeum,
815 571 929 603 ep.um
945 563 1166 602 Forojulien.,
1180 563 1220 593 de
1237 563 1349 593 mand.
1366 562 1479 601 Papae,
1493 563 1529 593 in
1544 562 1692 601 hospitio
1709 562 1871 602 archiep.i
1884 561 2139 593 Ebredunensis
2153 565 2270 595 contra

667 616 844 651 Jacobum,
865 615 1050 647 Castellan.
1071 624 1203 658 ep.um‚·
1216 615 1274 655 qui
1292 615 1477 646 adhaeserat
1493 615 1664 646 Ludovico
1683 615 1723 646 de
1741 615 1885 646 Bavaria
1903 617 2018 646 contra
2035 616 2069 647 S.
2088 617 2127 647 A.
2145 616 2271 656 (Arma-

667 669 715 700 rio
734 669 770 706 C,
793 678 825 700 n.
849 670 909 701 939
916 678 925 705 ;
948 668 1102 709 oriqinale
1119 678 1341 709 perqamenum
1363 667 1483 698 duabus
1501 668 1595 709 petiis
1612 667 1739 698 insimul
1759 669 1836 698 sutis
1856 672 1999 699 constans
2005 678 2014 704 ;
2030 667 2130 700 Neues
2144 669 2271 706 Archiv,

652 724 692 754 -ι,
710 723 807 754 xxv
824 722 944 762 (1899),
963 731 995 762 p.
1013 723 1175 761 744-749.)

713 772 853 805 42432.
871 794 909 799 -
925 775 1074 806 Joannes
1091 775 1184 814 Papa
1204 775 1305 806 XXII
1322 774 1443 805 iterato
1461 775 1542 805 citat
1560 783 1678 805 omnes
1696 774 1775 805 illos
1795 775 1835 805 de
1853 774 2064 806 Lombardiae
2086 776 2272 815 superioris

669 830 702 860 et
726 829 883 860 Marchiae
901 829 1045 859 Januen.
1064 827 1220 867 partibus
1244 828 1303 867 qui
1325 828 1472 858 florenos
1488 828 1561 858 auri
1585 828 1770 859 secundum
1787 827 1944 864 formam,
1966 818 2063 867 signa
2085 830 2116 860 et
2137 829 2274 860 eunium

669 883 882 914 monetarum
898 890 971 921 quae
988 882 1022 912 in
1041 882 1177 912 civitate
1193 881 1393 915 Florentin.,
1412 890 1431 911 a
1446 882 1598 920 tempore
1616 880 1713 920 cujus
1731 889 1798 911 non
1816 881 1908 912 extat
1922 882 2097 916 memoria,
2114 881 2274 912 fabricari

669 936 931 972 consueverunt,
950 935 1072 974 (prima
1094 934 1208 965 citatio
1227 934 1316 965 facta
1332 934 1396 964 fuit
1413 942 1500 964 anno
1517 933 1578 970 IX,
1594 933 1642 965 VI
1663 933 1731 964 kal.
1752 933 1850 973 dec),
1868 935 1904 964 ut
1923 933 2014 964 infra
2032 935 2049 964 3
2068 943 2203 965 menses
2221 943 2273 966 ce-

669 997 742 1020 ram
764 989 840 1027 ipso
860 988 1087 1027 compareant,
1107 987 1279 1018 ostensuri
1293 986 1361 1027 jus,
1381 987 1411 1017 si
1427 987 1516 1026 quod
1537 986 1661 1017 habent
1685 986 1726 1016 ad
1743 986 1928 1016 cudendam
1948 986 2072 1017 dictam
2091 989 2272 1019 monetam.

670 1042 829 1082 (Armario
845 1040 880 1079 C,
898 1050 931 1072 n.
944 1042 1003 1071 211
1018 1040 1190 1080 (Armario
1203 1040 1239 1077 C,
1258 1040 1338 1070 fasc.
1352 1040 1401 1074 19,
1416 1039 1583 1070 divisione
1602 1041 1632 1076 1,
1647 1049 1679 1070 n.
1690 1042 1740 1076 4);
1752 1038 1790 1069 de
1804 1038 1907 1076 curia;
1923 1049 2091 1079 perqamen
2106 1050 2175 1070 cum
2190 1040 2274 1070 bulla

666 1083 812 1136 plumbea
830 1104 845 1125 e
865 1094 929 1135 filis
945 1094 1062 1130 sericis,
1080 1093 1172 1133 slavis
1187 1097 1217 1123 et
1233 1093 1336 1123 rubeis
1348 1092 1527 1133 pendente.)

715 1145 851 1177 42433.
872 1164 910 1170 -
925 1147 1112 1178 Processus
1128 1147 1160 1177 et
1178 1146 1294 1176 citatio
1313 1147 1429 1176 contra
1446 1145 1640 1177 Castrucium
1655 1145 1728 1176 Geri
1747 1145 1783 1175 de
1800 1145 2032 1176 Anterminellis
2049 1147 2119 1185 qui,
2141 1147 2276 1178 civitate

669 1202 805 1233 Lucana
826 1202 1000 1241 occupata,
1019 1200 1217 1231 thesaurum
1235 1200 1273 1230 E.
1292 1200 1333 1230 R.
1358 1199 1393 1229 in
1417 1199 1610 1229 sacristiam
1629 1199 1708 1229 eccl.
1736 1207 1763 1228 s.
1789 1198 1967 1229 Afrodiani
1992 1199 2118 1230 Lucan.
2137 1208 2179 1230 ex
2197 1200 2278 1231 civi-

669 1256 738 1287 tate
753 1254 921 1295 Perusina
936 1254 976 1285 de
992 1254 1149 1284 mandato
1167 1253 1355 1284 Clementis
1373 1252 1474 1291 Papae
1488 1253 1517 1283 V
1532 1252 1735 1283 translatum
1753 1252 1949 1291 asportavit,
1967 1254 2000 1283 et
2018 1252 2165 1283 inhibuit
2183 1262 2224 1284 ne
2240 1253 2277 1284 in

671 1309 789 1340 eadem
813 1308 951 1338 civitate
979 1315 1159 1346 processus
1182 1307 1299 1337 contra
1322 1305 1532 1337 Ludovicum
1559 1305 1730 1336 Bavarum
1757 1305 2022 1344 publicarentur.
2055 1305 2212 1343 (Armario
2238 1306 2276 1343 C,

670 1371 703 1393 n.
720 1363 799 1393 1064
817 1360 988 1400 (Armario
1007 1360 1044 1397 C,
1067 1360 1149 1391 fasc.
1169 1362 1218 1395 71,
1238 1368 1270 1390 n.
1287 1361 1335 1398 2);
1353 1358 1389 1390 de
1403 1359 1504 1394 curia3
1522 1360 1716 1399 perqamen.)

716 1411 854 1445 42434.
870 1431 909 1438 -
923 1403 1197 1445 Instrumentum
1215 1422 1280 1452 quo
1299 1414 1392 1451 patet
1410 1412 1531 1443 fratres
1548 1411 1582 1442 O.
1601 1412 1653 1446 P„
1672 1411 1706 1443 O.
1725 1412 1780 1449 M„
1800 1411 1835 1442 Ο.
1853 1411 1887 1443 S.
1907 1411 1958 1449 A„
1978 1411 2012 1443 0.
2035 1411 2275 1444 Carmelitarum

671 1469 755 1500 civit.
774 1473 802 1499 et
825 1467 869 1498 di.
897 1467 1043 1499 Colonien
1060 1466 1256 1507 publicasse
1274 1474 1455 1505 processus
1477 1467 1592 1496 contra
1613 1465 1824 1496 Ludovioum
1850 1464 2028 1496 Bavarum.
2055 1466 2214 1504 (Ar-mario
2240 1466 2275 1503 C,

670 1530 703 1552 n.
721 1523 777 1553 761
794 1521 966 1557 (Armario
984 1520 1021 1558 C,
1041 1520 1122 1551 fasc⁴
1137 1521 1189 1559 53,
1207 1528 1239 1550 u.
1259 1519 1328 1558 16);
1343 1528 1432 1559 per-9.
1453 1518 1503 1548 cui
1521 1517 1695 1559 appendent
1710 1517 1810 1548 adhuc
1823 1516 1883 1547 duo
1898 1517 2001 1558 siqilla
2019 1520 2130 1557 cerea.)

715 1571 853 1604 42435.
874 1591 913 1596 -
927 1573 1052 1605 Statuit
1070 1582 1158 1612 papa
1179 1572 1270 1612 quod
1291 1571 1470 1612 presbyter
1488 1571 1663 1602 celebrans
1680 1571 1769 1602 dicat
1785 1572 1862 1610 post
1876 1571 1972 1601 Pater
1988 1575 2092 1602 noster
2108 1572 2143 1602 in
2158 1573 2276 1604 missis

670 1628 842 1668 psalmum
863 1627 1003 1658 Laetatus
1026 1636 1092 1656 sum
1109 1628 1185 1663 etc.‚
1205 1635 1282 1656 oum
1300 1625 1482 1656 versiculis
1499 1626 1531 1655 et
1547 1624 1579 1655 II
1599 1624 1809 1656 orationibus
1831 1624 1961 1675 scilicet
1985 1634 2000 1654 «
2020 1624 2169 1655 Ecclesiae
2183 1631 2242 1655 tuae
2261 1636 2276 1656 1)

670 1683 748 1721 etc.‚
765 1682 797 1712 et
813 1690 829 1711 «
847 1680 980 1711 hostium
998 1684 1172 1710 nostrorum
1190 1689 1206 1709 »
1223 1679 1303 1715 etc.;
1323 1678 1474 1709 concedit
1491 1678 1631 1717 insuper
1648 1677 1807 1708 omnibus
1823 1679 1892 1708 tam
1908 1677 2160 1709 celebrantibus
2174 1688 2276 1718 quam

671 1734 889 1765 audientibus
904 1742 952 1764 xx
966 1733 1040 1764 dies
1057 1732 1359 1772 indulgentiarum.
1379 1730 1539 1770 (Armario
1559 1730 1594 1769 C,
1613 1739 1646 1761 n.
1666 1731 1721 1761 131
1742 1730 1912 1769 (Armario
1929 1731 1965 1767 C,
1983 1731 2064 1762 fasc.
2080 1733 2110 1769 9,
2128 1740 2160 1763 n.
2176 1732 2225 1770 4);
2241 1731 2278 1763 de

671 1787 760 1817 curia
766 1797 775 1824 3
792 1795 979 1828 perqamem
992 1785 1174 1825 Raynaldi‚
1194 1784 1331 1815 Annales
1344 1783 1540 1814 ecclesiastici
1555 1783 1597 1814 ad
1614 1793 1730 1813 annum
1744 1784 1835 1818 1328,
1852 1782 1867 1822 ἓ
1881 1783 2036 1822 XLVII.)

715 1837 853 1869 42436.
875 1857 914 1862 --
928 1839 1091 1870 Instrum.
1110 1837 1354 1877 publicationis
1369 1846 1591 1876 processuum
1610 1838 1725 1867 contra
1738 1836 1938 1867 Michaelem
1954 1837 1995 1867 de
2013 1837 2154 1872 Cesena,
2170 1839 2277 1869 Bona-

671 1893 815 1934 gratiam
839 1893 879 1924 de
895 1893 1061 1932 Pergamo
1078 1893 1111 1922 et
1130 1891 1296 1922 Joannem
1313 1891 1353 1921 de
1372 1890 1536 1921 Genduno
1554 1890 1590 1920 in
1608 1889 1753 1920 ecclesia
1774 1897 1802 1919 s.
1821 1889 1995 1920 Francisci
2015 1890 2055 1920 de
2072 1890 2187 1921 Visso.
2205 1891 2277 1929 (Ar-

669 1946 770 1977 mario
788 1946 820 1980 C,
839 1955 872 1977 n.
887 1948 947 1977 964
963 1945 1133 1983 (Armario
1152 1944 1188 1979 C,
1207 1943 1288 1974 fasc.
1308 1945 1359 1980 63,
1379 1952 1410 1974 n.
1427 1943 1496 1983 10);
1515 1952 1682 1984 pergamen
1699 1942 1836 1982 lonqum,
1855 1942 1909 1972 sed
1922 1942 2089 1982 strictum.)

716 1996 854 2029 42437.
882 2016 921 2022 -—
942 1998 1212 2030 Instrumentum
1237 1995 1480 2036 publicationis
1505 1996 1674 2027 dictorum
1697 2003 1919 2036 processuum
1942 1995 1977 2026 in
2002 1996 2146 2028 ecclesia
2170 1997 2205 2029 S.
2232 1997 2276 2028 M.

671 2053 737 2084 loci
753 2053 792 2084 F.
810 2053 850 2085 Ο.
867 2052 912 2083 Μ.
930 2052 970 2082 de
986 2051 1122 2083 Ocosio.
1145 2050 1304 2090 (Ar-mario
1325 2049 1360 2086 C,
1380 2058 1411 2081 n.
1428 2051 1488 2081 960
1503 2049 1674 2090 (Armario
1691 2049 1728 2087 C,
1747 2049 1829 2080 fasc.
1847 2049 1898 2086 63,
1917 2057 1949 2079 n.
1963 2050 2012 2087 7);
2025 2058 2192 2090 perqamen
2210 2049 2278 2081 lon-

670 2116 754 2147 9um,
771 2105 826 2136 sed
840 2106 1009 2144 strictum.)

717 2156 854 2188 42438.
874 2176 914 2182 --
930 2159 1197 2190 Instrumentum
1223 2156 1464 2196 publicationis
1487 2156 1655 2187 dictorum
1676 2163 1898 2195 processuum
1921 2155 1957 2185 in
1974 2155 2048 2186 loco
2065 2156 2278 2195 capricornii

672 2214 712 2246 Ο.
729 2213 768 2244 F.
786 2213 832 2244 M.
851 2211 1021 2252 Eugubin.
1040 2211 1200 2250 (Armario
1218 2210 1253 2248 C,
1270 2219 1302 2242 n.
1324 2212 1381 2241 971
1402 2209 1572 2247 (Armario
1589 2208 1626 2245 C,
1641 2208 1722 2239 fasc.
1734 2209 1786 2247 63,
1802 2217 1835 2238 n.
1853 2208 1923 2247 15);
1938 2217 2105 2249 perqamen
2118 2210 2279 2250 parvum.)

717 2263 854 2295 42439.
871 2284 909 2289 -
923 2265 1010 2296 Item
1025 2265 1060 2296 in
1076 2265 1219 2296 ecclesia
1234 2273 1261 2295 s.
1281 2263 1478 2303 Augustini,
1493 2263 1559 2293 loci
1575 2262 1718 2293 fratrum
1733 2261 1953 2292 eremitarum
1964 2261 2004 2293 de
2022 2262 2188 2302 Eugubio.
2209 2263 2280 2302 (Ar-

671 2319 770 2350 mario
787 2318 821 2355 C,
841 2328 873 2350 n.
888 2319 948 2351 988
961 2318 1132 2359 (Armario
1148 2318 1185 2353 C,
1204 2318 1285 2348 fasc.
1298 2318 1351 2354 63,
1367 2325 1399 2347 n.
1418 2315 1468 2355 2);
1482 2325 1649 2357 perqamen
1668 2313 1806 2355 tanqum,
1821 2314 1875 2345 sed
1889 2315 2055 2354 strictum.)

717 2370 855 2403 42440.
874 2391 910 2396 -
929 2373 1013 2404 Item
1031 2372 1066 2403 in
1083 2371 1226 2403 ecclesia
1243 2380 1270 2401 s.
1288 2370 1463 2401 Francisci
1481 2369 1521 2400 de
1535 2369 1682 2400 Assisio.
1701 2368 1860 2407 (Armario
1880 2368 1915 2406 C,
1932 2377 1965 2399 n.
1980 2370 2041 2400 972
2057 2368 2226 2407 (Armario
2241 2371 2277 2408 C,

672 2427 754 2458 fasc.
770 2428 822 2464 63,
840 2435 873 2457 n.
894 2425 973 2465 160);
991 2435 1161 2467 perqamen
1177 2424 1311 2465 longum,
1329 2423 1382 2454 sed
1397 2423 1564 2461 strictum.)

717 2477 840 2510 42441
851 2501 858 2508 .
877 2497 916 2502 -
931 2480 1018 2511 Item
1034 2479 1069 2510 in
1082 2478 1225 2510 ecclesia
1240 2479 1280 2510 Β.
1297 2478 1341 2509 Μ.
1360 2477 1401 2508 de
1417 2477 1529 2508 castro
1544 2475 1840 2507 Montisflasconis.
1857 2475 2017 2514 (Ar-mario
2032 2474 2067 2513 C,
2086 2484 2118 2507 n.
2138 2477 2194 2508 981
2209 2475 2280 2517 (Ar-

672 2534 781 2565 mario
799 2533 836 2571 C,
856 2533 937 2564 fasc.
953 2534 1006 2569 63,
1025 2542 1057 2564 n.
1072 2533 1125 2572 28)
1131 2541 1141 2568 ;
1158 2541 1326 2572 perqamen
1342 2530 1478 2572 longum,
1495 2529 1547 2560 sed
1559 2529 1710 2566 strictum,
1726 2528 1959 2569 aliquantulum
1975 2530 2159 2568 corrosum.)

718 2583 856 2616 42442.
876 2603 914 2609 -
932 2586 1019 2618 Item
1041 2585 1076 2616 in
1093 2585 1238 2616 ecclesia
1254 2583 1503 2624 Fulginatensi.
1521 2582 1681 2622 (Ar-mario
1699 2581 1735 2619 C,
1753 2591 1785 2612 n.
1804 2584 1864 2614 976
1878 2581 2048 2621 (Armario
2066 2582 2102 2619 C,
2123 2582 2204 2614 fasc.
2226 2584 2278 2620 63,

674 2650 706 2672 n.
728 2640 797 2679 19);
813 2649 980 2680 perqamen
999 2639 1135 2680 longum,
1155 2637 1210 2669 sed
1227 2638 1395 2676 strictam).

717 2690 855 2722 42443.
877 2711 914 2716 -
929 2694 1014 2724 Item
1031 2693 1066 2723 in
1083 2692 1228 2723 ecclesia
1246 2691 1366 2731 maiori
1382 2690 1576 2730 Spoletana.
1596 2689 1754 2728 (Armario
1772 2688 1807 2725 C,
1827 2698 1859 2719 n.
1877 2691 1936 2720 979
1955 2689 2126 2728 (Armario
2142 2689 2179 2726 C,
2195 2689 2278 2721 fasc.

672 2749 722 2782 63,
742 2756 774 2778 n.
792 2748 862 2785 23);
881 2756 1051 2788 pergamen
1065 2746 1227 2786 parvum.)

718 2797 856 2830 42444.
882 2817 921 2822 -
936 2800 1022 2830 Item
1046 2799 1081 2830 in
1096 2798 1240 2830 ecclesia
1257 2807 1284 2829 s.
1308 2797 1447 2828 Martini
1470 2797 1509 2828 Ο.
1527 2797 1565 2827 Ρ.
1585 2795 1754 2836 Eugubin.
1774 2795 1931 2835 (Armario
1957 2794 1994 2832 C,
2014 2804 2044 2826 n.
2068 2796 2128 2826 989
2151 2796 2281 2834 (Arma-

673 2854 725 2885 rio
742 2854 778 2892 C,
796 2854 879 2885 fasc.
895 2855 947 2890 63,
966 2861 999 2884 n.
1019 2854 1049 2891 1)
1057 2862 1066 2890 ;
1081 2853 1277 2893 perqamen.)

719 2903 859 2937 42445.
877 2924 915 2929 —-
931 2907 1018 2938 Item
1037 2906 1073 2936 in
1092 2905 1238 2936 ecclesia
1257 2903 1440 2936 cathedrali
1460 2912 1487 2934 s.
1509 2901 1659 2943 Ruphini
1679 2901 1907 2933 Assisinaten.
1925 2901 2085 2942 (Armario
2106 2901 2142 2940 C,
2166 2911 2199 2934 n.
2220 2903 2280 2934 955

675 2960 848 3001 (Armario
867 2959 905 2997 C,
920 2959 1003 2990 fasc.
1019 2960 1071 2996 63,
1091 2967 1123 2989 n.
1140 2959 1190 2997 4);
1203 2956 1400 2998 pergamen.)
