2560 3476
221 478 326 505 Datum
344 471 527 505 Avenione.

263 685 300 713 15
317 685 375 714 dec.
400 686 487 714 1327.

248 729 337 765 (xviu
354 730 412 756 kal.
426 729 501 764 jan.)

283 774 313 801 T.
331 774 377 806 XI,
395 774 465 800 xm.

260 952 298 979 46
313 951 372 980 dec.
393 951 485 980 1327.

253 1000 328 1030 (xvu
344 996 403 1023 kal.
417 996 494 1032 Jan.)

299 1041 330 1068 Τ.
348 1041 443 1068 XXIV.

335 1112 371 1140 Ut
387 1121 411 1140 s.

318 1158 349 1184 T.
372 1157 428 1185 XX.

258 1327 296 1354 {7
314 1326 373 1354 dec.
396 1326 482 1356 1327.

256 1374 319 1406 (xvi
334 1371 393 1399 kal.
411 1372 486 1408 jan.)

275 1417 307 1444 T.
328 1417 375 1451 XI,
392 1417 465 1444 XIII.

336 1542 372 1570 Ut
386 1550 409 1570 ε.

297 1586 329 1614 Τ.
350 1586 446 1616 XXIV.

332 1809 369 1837 Ut
385 1818 409 1837 s.

277 1854 309 1882 Τ.
328 1855 389 1889 XII,
403 1855 473 1883 XIV.

258 2238 296 2266 18
315 2237 373 2267 dec.
396 2237 484 2267 4327.

262 2285 315 2318 (xv
328 2283 388 2311 kal.
405 2282 481 2319 jan.)

310 2327 341 2355 T.
362 2327 433 2355 XVI.

331 2399 369 2427 Ut
387 2407 412 2427 s.

297 2444 329 2472 T.
349 2444 445 2475 XXVI.

331 2719 369 2748 Ut
385 2729 409 2748 s.

336 2827 373 2855 Ut
392 2835 417 2856 s.

299 2871 331 2899 T.
351 2872 446 2900 XXIV.

586 382 760 415 JOANNIS
784 381 902 412 PAPAE
924 381 1026 412 XXII.
1050 381 1300 421 (1316-1334).
1324 397 1364 402 -
1385 379 1571 410 LITTERAE
1594 378 1820 410 COMMUNES
2164 381 2223 411 109

619 575 808 614 promovet-i
830 576 860 603 et
885 573 1073 603 ecclesiast.
1100 571 1262 602 beneficia
1279 581 1306 601 0.
1332 580 1359 602 c.
1389 571 1440 601 vel
1465 580 1491 601 s.
1520 580 1548 601 0.
1575 570 1727 601 obtinere
1752 571 1872 601 valeat.
1901 571 1952 610 (A.
1982 572 2032 607 29,
2063 572 2086 602 f.
2109 573 2170 603 559
2189 577 2221 609 ⁸3

627 629 657 659 V.
677 630 726 664 85,
743 638 793 664 ep.
814 629 900 665 844.)

663 680 799 710 30783.
823 700 858 703 —
878 680 1012 710 Hem-ico
1031 679 1112 709 dicto
1132 677 1270 708 Olaesselin
1287 678 1423 708 collatio
1438 687 1554 709 canon.
1577 678 1639 708 sub
1653 687 1748 717 exsp.
1774 677 1876 718 praeb.
1901 679 1982 710 eccl.
2006 688 2035 709 s.
2056 679 2222 711 Florentii

618 736 832 771 Haselacen„
854 733 1071 773 Argentinen.
1088 732 1148 768 di.,
1165 740 1231 762 non
1248 731 1335 762 obst.
1353 732 1486 770 paroch.
1503 732 1581 762 eccl.
1601 732 1636 762 in
1652 731 1841 771 Nuinburg,
1856 732 2089 763 Constantien.
2108 733 2166 770 di.,
2185 743 2223 765 ac

619 798 711 828 perp.
730 789 848 827 capell.
870 797 896 818 s.
919 786 1055 825 Georgii
1079 785 1298 824 Argentinen.
1325 794 1351 815 s.
1380 795 1407 815 0.
1433 803 1469 807 -
1488 785 1512 815 Ι.
1532 794 1561 815 e.
1581 794 1624 815 m.
1651 786 1826 816 Itenwilre
1847 786 1931 816 etin
1954 786 2221 824 Druttenhusen,

617 843 836 881 Argentinen.
856 841 915 876 di.,
935 842 1081 871 monast.
1108 838 1312 877 praepositis,
1340 847 1398 876 per
1417 839 1563 876 prlorem
1582 839 1762 869 solitorum
1779 839 1871 878 gub,
1894 848 1931 870 ac
1947 839 2073 871 Jacobo
2095 840 2135 871 de
2153 841 2223 872 Mu-

612 896 700 930 ·tina,
718 895 853 925 scolast.
872 894 950 924 eccl.
970 893 1117 928 Tullen„
1134 901 1205 930 cap.
1223 892 1288 921 PP.
1311 892 1362 929 (A.
1380 893 1431 928 29,
1451 892 1473 921 s.
1491 893 1547 922 651
1570 891 1597 926 b;
1626 891 1658 921 V.
1676 893 1726 927 86,
1742 901 1794 931 ep.
1816 894 1921 931 1049.)

661 945 797 977 30784.
817 965 856 970 -
872 946 1015 983 Andreae,
1036 945 1139 975 abbati
1154 949 1283 975 monast.
1303 955 1328 974 s.
1345 944 1476 974 Justinae
1490 945 1645 980 Paduam,
1668 945 1702 975 O.
1718 945 1753 975 S.
1773 945 1823 980 B.¹
1842 946 1986 977 facultas
2003 947 2222 978 contrahendi

617 1002 658 1032 ad
678 1001 854 1032 biennium
882 1001 1037 1031 mutuum
1064 1000 1124 1030 500
1146 999 1218 1029 flor.
1244 998 1318 1028 auri
1343 1007 1404 1037 pro
1430 998 1573 1037 negotiis
1597 998 1686 1037 apud
1714 1000 1747 1029 S.
1775 1001 1814 1030 A.
1835 999 2068 1038 expediendis.
2088 1000 2143 1040 (A.
2170 1001 2221 1037 29,

616 1055 638 1086 f.
656 1056 716 1086 334
734 1060 766 1090 Ἣ
789 1054 825 1085 V.
845 1055 896 1090 85,
914 1063 966 1092 ep.
987 1052 1076 1090 390.)

661 1105 796 1137 30785.
815 1125 854 1130 -
870 1106 1040 1148 Ranulpho
1053 1106 1214 1142 Sanwnis,
1230 1105 1360 1135 diacono
1377 1104 1588 1136 Constantien.
1605 1104 1661 1142 di.,
1681 1105 1831 1144 dispens.
1851 1115 1953 1146 super
1971 1106 2223 1146 irregularitate

616 1162 659 1193 ab
683 1162 758 1201 ipso
783 1162 920 1192 incursa
937 1169 978 1191 ex
1003 1169 1042 1191 eo
1063 1159 1152 1200 quod
1171 1160 1206 1190 in
1230 1159 1348 1199 vigilia
1371 1159 1643 1190 Resurrectionis
1668 1159 1845 1190 dominicae
1869 1168 1991 1199 aquam
2009 1160 2044 1191 in
2067 1160 2219 1191 fontibus

615 1215 791 1255 cujusdam
809 1214 944 1254 paroch.
965 1213 1046 1245 eccl.
1065 1213 1263 1244 solemniter
1285 1212 1473 1249 benedixit,
1502 1212 1575 1243 sine
1594 1214 1707 1243 tamen
1730 1212 1970 1243 commixtione
1994 1214 2165 1244 crismatis
2188 1215 2221 1245 et

616 1269 693 1300 olei.
713 1268 828 1308 (A.29,
846 1268 868 1299 f.
882 1270 942 1300 496
960 1267 989 1304 ¹³3
1011 1267 1041 1298 V.
1060 1269 1112 1304 85,
1130 1276 1183 1306 ep.
1201 1267 1286 1304 730.)

660 1319 797 1351 30786.
818 1339 857 1344 -
875 1321 1040 1353 Ber-nardo
1063 1320 1099 1351 de
1123 1320 1266 1357 Moresio,
1286 1320 1358 1350 cler.
1382 1319 1536 1360 Ayathen.
1564 1318 1621 1356 di.,
1647 1320 1756 1359 gratia
1774 1328 1869 1359 exsp.
1893 1319 2005 1351 benef.
2031 1321 2219 1352 ecclesiast.

617 1379 657 1414 (s.
679 1386 708 1408 c.
732 1377 772 1407 50
797 1376 819 1407 l.
838 1377 889 1414 t.)‚
914 1375 956 1406 ad
978 1375 1046 1414 ep.i
1062 1376 1095 1406 et
1111 1374 1212 1413 capit.
1231 1374 1398 1405 BIterren.
1420 1373 1682 1413 dispositionem
1710 1373 1832 1412 pertin.
1855 1374 1889 1403 in
1906 1374 1998 1405 civit.
2026 1374 2080 1405 vel
2098 1375 2144 1405 di.
2169 1374 2223 1406 Bi-

614 1431 740 1462 terren.
759 1446 796 1451 -
815 1430 841 1461 I.
857 1438 886 1460 e.
903 1438 948 1460 m.
968 1427 1082 1459 abbati
1098 1429 1243 1459 monast.
1265 1436 1292 1458 s.
1314 1427 1517 1464 Theoffredi‚
1536 1427 1690 1457 Anicien.
1711 1427 1770 1462 di.,
1789 1428 1821 1457 et
1838 1427 1989 1458 sacristae
2006 1428 2223 1467 Avinionen.,

616 1493 653 1515 ac
667 1483 839 1515 Bernardo
855 1482 1012 1522 Begonis,
1029 1490 1102 1513 can.
1122 1481 1258 1512 Albien.
1277 1481 1358 1512 eccl.
1381 1480 1433 1519 (A.
1451 1482 1500 1517 29,
1521 1481 1544 1511 f.
1563 1482 1621 1512 533
1639 1486 1670 1517 ²3
1695 1480 1730 1511 V.
1751 1481 1802 1516 85,
1818 1489 1869 1520 ep.
1888 1481 1975 1521 803.)

661 1534 797 1566 30787.
816 1554 855 1559 -
870 1534 1061 1570 Βενιναηάο,
1076 1545 1100 1567 s.
1120 1533 1261 1565 Marcelli
1274 1534 1375 1574 presb.
1392 1533 1491 1569 carel,
1508 1534 1549 1564 A.
1565 1533 1599 1565 S.
1619 1533 1730 1575 legato,
1747 1534 1860 1565 mand.
1879 1536 1916 1565 ut
1934 1534 2110 1574 dispenset
2125 1535 2224 1567 Boni-

616 1590 752 1626 facium,
777 1591 896 1621 natum
922 1589 1047 1629 quond.
1072 1588 1252 1620 Guillelmi
1273 1588 1313 1619 de
1331 1587 1487 1625 Foliano,
1506 1587 1586 1619 cler.
1611 1587 1744 1627 Regin„
1763 1595 1806 1618 ex
1826 1587 1949 1619 clerico
1972 1587 2008 1619 in
2032 1589 2225 1620 minoribus

616 1644 688 1675 ord.
713 1644 897 1675 constituto
922 1644 954 1674 et
969 1643 1080 1674 soluta
1098 1642 1262 1682 genitum,
1281 1643 1318 1672 ut
1333 1641 1375 1672 ad
1393 1650 1511 1672 omnes
1530 1650 1646 1672 sacros
1662 1641 1799 1672 ordines
1816 1642 2011 1680 promoveri
2028 1643 2061 1673 et
2078 1642 2224 1682 dignita-

615 1699 695 1734 tem,
712 1697 767 1729 vel
781 1698 1012 1737 personatum,
1028 1703 1088 1726 seu
1100 1695 1154 1726 off.
1174 1696 1231 1726 aut
1248 1694 1358 1726 benef.
1379 1704 1406 1725 c.
1424 1703 1451 1725 c.
1467 1694 1522 1726 vel
1536 1703 1563 1725 s.
1581 1703 1609 1725 c.
1629 1694 1782 1725 obtinere
1798 1694 1920 1725 valeat.
1938 1694 1989 1734 (A.
2004 1696 2055 1732 30,
2074 1695 2096 1726 f.
2115 1697 2174 1727 219
2191 1695 2223 1733 ¹²3

624 1750 657 1783 V.
675 1752 727 1786 86,
745 1759 797 1790 ep.
815 1751 920 1788 1482.)
1414 1754 1415 1757 ’

661 1802 798 1833 30788.
816 1821 854 1827 -
870 1803 1016 1841 Mathaeo,
1035 1807 1110 1833 nato
1132 1801 1282 1833 Guidonis
1298 1801 1417 1832 Savina
1435 1801 1472 1832 de
1493 1800 1638 1838 Foliano,
1655 1800 1776 1839 militis,
1795 1801 1918 1832 indult.
1941 1803 1978 1832 ut
1995 1802 2173 1834 residendo
2189 1802 2225 1833 in

617 1858 696 1890 eccl.
720 1858 855 1898 Regin..
882 1857 915 1888 in
934 1866 1001 1897 qua
1025 1865 1145 1887 canon.
1171 1855 1300 1886 obtinet
1325 1856 1358 1886 et
1384 1855 1502 1894 praeb.‚
1523 1855 1578 1886 vel
1595 1854 1631 1886 in
1653 1855 1768 1894 aliqua
1792 1854 2013 1886 ecclesiarum
2040 1855 2076 1886 in
2098 1856 2224 1895 quibus

616 1920 735 1943 canon.
755 1913 787 1942 et
806 1910 908 1951 praeb.
927 1919 986 1941 seu
1009 1910 1076 1941 alia
1091 1908 1202 1940 benef.
1223 1908 1399 1948 contigerit
1416 1909 1530 1948 ipsum
1548 1907 1712 1946 obtinere,
1730 1910 1788 1939 aut
1803 1908 1994 1940 insistendo
2007 1908 2121 1940 studio
2134 1909 2226 1941 litte-

617 1974 732 1997 rarum
755 1965 790 1995 in
808 1965 882 1995 loco
899 1963 959 1994 ubi
980 1963 1067 1994 illud
1091 1962 1203 2002 vigeat
1223 1961 1393 2002 generale,
1419 1961 1550 1992 fructus
1572 1970 1690 1993 canon.
1712 1963 1745 1993 et
1770 1961 1871 2001 praeb.
1895 1962 1975 1993 eccl.
1996 1970 2023 1992 s.
2041 1962 2224 1994 DonatIani

615 2020 775 2058 Brugen„
803 2018 989 2049 Tornacen.
1017 2017 1077 2053 di.,
1096 2017 1130 2048 et
1148 2015 1293 2047 aliorum
1318 2014 1428 2046 benef.
1454 2015 1692 2054 praedictorum
1715 2017 1843 2055 integre
1869 2015 2034 2055 percipiat
2057 2024 2165 2056 usque
2183 2016 2225 2047 ad

615 2072 813 2104 triennium.
833 2089 869 2094 —
884 2071 911 2102 Ι.
930 2079 959 2102 e.
975 2079 1020 2101 m.
1035 2069 1150 2101 abbati
1167 2070 1312 2100 monast.
1329 2078 1357 2099 s.
1374 2068 1614 2100 Bartholomaei
1629 2069 1669 2099 de
1683 2069 1808 2100 Eccuot
1821 2069 1857 2099 in
1869 2068 2005 2109 Brugis‚
2021 2069 2223 2106 Tornacen„

616 2127 650 2158 et
666 2134 772 2166 proep.
789 2134 816 2156 s.
831 2124 967 2161 Quirini
980 2124 1022 2155 de
1037 2123 1203 2163 Corrigia,
1222 2122 1343 2169 Regin.
1362 2122 1421 2158 di.,
1440 2131 1478 2153 ac
1493 2122 1673 2153 Frederico
1693 2122 1734 2153 de
1749 2122 1965 2162 Bulgarellis‚
1981 2131 2053 2154 can.
2071 2122 2219 2154 Paduan.

617 2180 697 2212 eccl.
715 2179 770 2219 (A.
789 2180 840 2216 30,
861 2178 884 2209 f.
903 2179 962 2209 270
979 2177 1011 2213 ὓς
1037 2176 1070 2208 V.
1087 2177 1139 2215 86,
1159 2185 1212 2216 ep.
1233 2177 1338 2215 1631.)

662 2230 801 2263 30789.
819 2250 857 2254 -
871 2231 1074 2271 ,Ιοαηηίεμο
1090 2230 1266 2260 Est-oniensi
1280 2229 1382 2261 facul.
1401 2229 1642 2260 reconciliandi
1659 2238 1719 2269 per
1744 2229 1850 2260 alium
1871 2229 2034 2261 ecclesias
2054 2231 2087 2261 et
2107 2238 2223 2261 caeme-

617 2287 704 2320 teria
718 2286 845 2318 vlolata
862 2294 1002 2316 suarum
1018 2284 1167 2316 civitatis
1185 2285 1218 2315 et
1237 2283 1284 2314 di.
1299 2283 1352 2323 (A.
1367 2284 1419 2316 29.
1436 2283 1459 2314 f.
1478 2284 1537 2314 280
1552 2282 1581 2319 ¹³3
1607 2282 1643 2314 V.
1656 2284 1707 2320 85,
1725 2292 1777 2323 ep.
1794 2284 1880 2322 300.)

662 2390 799 2422 30790.
825 2410 864 2415 -
892 2391 998 2422 Asten.
1023 2395 1053 2421 et
1077 2389 1186 2422 Alben.
1206 2389 1359 2431 episcopis
1381 2389 1554 2420 inhibetur
1571 2397 1612 2420 ne
1629 2390 1793 2428 praetextu
1810 2388 2001 2420 litterarum
2020 2389 2225 2420 directarum

617 2455 720 2486 super
743 2445 934 2477 cassatione
959 2445 1204 2476 alienationum
1227 2444 1391 2474 factarum
1411 2443 1451 2473 de
1469 2442 1568 2473 bonis
1584 2442 1785 2473 monasterii
1802 2442 1843 2473 de
1859 2442 2059 2482 Stapharda,
2082 2442 2223 2474 Cisterc.

617 2501 703 2537 ord„
721 2499 905 2531 Taurinen.
925 2499 986 2536 di.,
1003 2499 1037 2529 in
1055 2497 1260 2538 quibusdam
1278 2497 1392 2527 causis
1409 2496 1498 2527 ultra
1511 2497 1530 2526 3
1549 2495 1603 2527 vel
1619 2497 1638 2526 4
1656 2496 1766 2526 dietas
1784 2496 1980 2535 quempiam
1997 2496 2039 2527 ad
2057 2496 2223 2535 judicium

617 2562 756 2585 evocare
786 2554 1006 2592 praesumant,
1030 2550 1239 2583 instantibus
1259 2549 1380 2581 abbate
1405 2552 1437 2581 et
1463 2558 1559 2581 conv.
1585 2551 1728 2580 monast.
1754 2549 1795 2580 de
1819 2549 2009 2585 Firmitate,
2036 2549 2118 2580 dicti
2137 2549 2222 2584 ord„

618 2607 815 2640 Cabilonen.
830 2607 890 2643 di.,
910 2606 951 2637 ad
965 2605 1132 2646 judicium
1148 2604 1296 2636 evocatis
1309 2603 1485 2634 occasione
1499 2603 1676 2643 cujusdam
1693 2604 1897 2639 contractus,
1914 2602 2004 2634 iuter
2017 2602 2224 2633 monasteria

618 2661 757 2701 praefata
773 2660 901 2692 dudum
916 2659 1069 2700 legitime
1084 2658 1172 2690 initi.
1189 2657 1241 2696 (Α.
1263 2659 1314 2692 29,
1331 2657 1355 2688 f.
1374 2658 1435 2688 369
1453 2656 1482 2692 *23
1507 2655 1539 2688 V.
1556 2657 1607 2693 85,
1623 2665 1676 2696 ep.
1696 2657 1782 2694 467.)

662 2711 800 2743 30791.
827 2731 866 2736 -
892 2712 1007 2743 Abbati
1023 2715 1154 2742 monast.
1183 2710 1325 2746 Cisterc„
1350 2709 1530 2741 Cabilonen.
1547 2708 1605 2746 di.,
1621 2709 1846 2740 committitur
1862 2717 1965 2740 causa
1983 2710 2119 2739 vertens
2135 2708 2223 2739 inter

618 2767 776 2807 praefatos
790 2775 892 2806 super
908 2766 997 2797 dicto
1014 2766 1199 2797 contractu.
1221 2764 1274 2801 (A.
1290 2764 1342 2801 29,
1359 2763 1382 2794 f.
1399 2765 1459 2794 370
1474 2768 1503 2799 8;
1527 2762 1563 2794 V.
1578 2764 1630 2799 85,
1646 2771 1699 2801 ep.
1716 2763 1803 2800 468.)

662 2817 800 2849 30792.
831 2836 870 2842 -—
897 2819 1014 2851 Joanm’
1045 2828 1116 2859 ep.o
1146 2817 1323 2848 Eat-oniensi
1349 2817 1452 2848 facul.
1482 2815 1725 2847 tabellionatus
1756 2814 1811 2846 off.
1844 2813 2048 2845 concedendi
2080 2815 2099 2844 2
2127 2813 2222 2844 cleri·

618 2874 668 2905 cis
696 2882 763 2905 non
788 2873 976 2913 conjugatis
1005 2881 1066 2903 nec
1094 2872 1130 2903 in
1160 2871 1268 2902 sacris
1297 2870 1369 2902 ord.
1402 2869 1598 2901 constitutis
1623 2868 1665 2899 ab
1698 2868 1772 2907 ipso
1800 2867 1977 2907 eligendis,
2006 2875 2082 2897 cum
2112 2866 2222 2897 forma

614 2927 802 2967 juramenti
825 2926 1001 2958 fidelitatis
1026 2925 1068 2958 R.
1093 2925 1132 2956 E.
1159 2924 1201 2956 ab
1227 2924 1315 2964 ipsis
1340 2922 1536 2964 praestandi.
1563 2921 1616 2960 (A.
1643 2922 1695 2958 29,
1720 2920 1743 2951 f.
1770 2921 1829 2951 132
1849 2925 1863 2941 ·
1884 2920 1917 2951 et
1937 2920 1996 2950 287
2017 2924 2031 2940 ⁸
2050 2920 2079 2956 ¹3
2110 2918 2146 2950 V.
2168 2920 2220 2957 85,

618 2989 672 3020 ep.
691 2981 794 3019 1007.)

651 3103 674 3128 1.
691 3102 724 3128 In
742 3102 872 3134 margine
886 3102 994 3133 legitur
1012 3109 1018 3126 :
1037 3110 1047 3124 ι
1061 3100 1175 3126 Allende
1192 3099 1263 3133 quod
1277 3099 1377 3131 scripta
1392 3099 1431 3123 est
1447 3098 1473 3122 in
1487 3098 1616 3130 quaterno
1632 3095 1826 3121 tabellionatus.
1843 3105 1853 3119 ι
