2560 3476
310 294 370 324 400
434 289 687 322 APPENDICES
710 289 766 320 AD
790 288 1062 320 DUODECIMUM
1084 289 1280 320 BULLARII
1301 289 1476 321 JOANNIS
1499 290 1619 322 PAPAE
1641 291 1733 322 XXII
1755 291 1915 325 ANNUM.
1938 310 1978 317 —
1999 295 2237 337 (1816-1884)

327 646 431 674 Datum
447 642 575 682 Romae,
592 643 668 679 apud

328 697 491 730 Sanctam
511 692 662 728 Mariam

372 748 413 782 de
426 749 498 781 Ara
520 746 620 788 Coeli,

386 803 428 831 28
444 803 512 830 maii
530 801 609 830 4328

397 850 429 882 (v
447 847 507 875 kal.
524 846 602 883 jun.)

458 909 495 937 Ut
516 917 540 937 s.

458 1229 494 1257 Ut
512 1237 535 1256 s.

455 1656 492 1685 Ut
512 1665 537 1684 s.

325 1822 429 1849 Datum
443 1818 570 1855 Romae,
587 1819 664 1854 apud

330 1870 494 1904 Sanctam
510 1870 662 1903 Mariam

370 1922 410 1956 de
427 1923 499 1956 Ara
525 1921 623 1960 Oceli,

385 1976 426 2003 29
442 1977 512 2003 maii
527 1975 606 2003 1328

387 2021 430 2055 (iv
450 2019 509 2047 lral.
528 2019 605 2056 jun.)

456 2189 491 2216 Ut
511 2197 535 2215 s.

456 2454 490 2481 Ut
513 2462 537 2482 ε.

460 2720 494 2747 Ut
512 2728 536 2747 s.

463 2881 496 2908 itt
518 2889 541 2907 S.

739 479 954 512 Gambarano
969 480 1134 511 vacantis.
1150 497 1188 503 —
1204 480 1245 511 In
1261 489 1290 511 e.
1306 489 1350 511 m.
1374 480 1554 513 abbatibus
1572 483 1717 514 monast.
1736 491 1764 513 s.
1779 482 1873 515 Petri
1889 485 1924 515 et
1940 492 1969 514 s.
1984 483 2197 524 Apollinaris
2211 485 2248 517 in
2264 486 2348 519 Ver-

738 533 837 570 tullo,
855 534 888 564 et
903 532 1048 572 archipr.
1062 533 1095 564 S.
1114 533 1159 565 M.
1173 533 1214 565 de
1229 533 1345 571 Cluso3
1359 542 1396 565 ac
1411 534 1540 566 Zenoni
1555 534 1796 572 Metarbarlda,
1812 535 1846 567 S.
1863 535 1908 567 M.
1923 536 1963 568 de
1974 537 2160 576 Travacho,
2171 539 2349 577 etJoanni,

739 594 767 617 s.
781 586 916 618 Nicolai
934 586 974 617 de
993 586 1128 617 Moneta
1144 587 1226 618 eccl.
1244 587 1446 618 rectoribus.
1464 587 1520 628 (V.
1540 589 1611 626 118,
1627 588 1651 619 t'.
1667 589 1707 620 86
1718 590 1812 620 ι-878
1823 598 1834 626 ;
1851 589 1943 621 inter
1959 590 2126 630 epistulas
2141 592 2203 624 287
2217 593 2250 624 et
2263 593 2349 632 288.)

784 636 924 669 42568.
940 657 980 662 -
993 639 1115 670 Ditrz'co
1133 639 1369 681 Geynqantario
1385 649 1479 681 prov.
1498 650 1618 674 canon.
1642 641 1707 673 sub
1727 651 1823 683 exsp.
1845 642 1947 683 praeb.
1965 643 2046 676 eccl.
2066 643 2294 678 Pataviensis.
2312 662 2352 670 —

739 693 779 724 In
792 702 820 724 e.
839 702 884 724 m.
903 701 930 724 s.
949 693 1049 724 Pauli
1065 694 1105 724 de
1120 692 1212 726 Urbe
1230 694 1264 725 et
1282 702 1311 725 s.
1338 695 1580 727 Enmeramani
1597 696 1638 726 de
1656 695 1794 727 civitate
1810 696 2033 737 Ratisponen.
2050 698 2350 736 monasteriorum,

739 747 778 779 O.
794 747 828 778 S.
845 747 897 784 B.,
911 745 1104 778 abbatibus.
1127 746 1180 787 (V.
1202 748 1273 786 118,
1292 756 1344 787 ep.
1361 749 1422 779 289
1438 749 1471 779 et
1484 749 1572 788 290.)

785 902 922 935 42569.
942 923 982 928 -
998 905 1127 942 loanni,
1155 915 1249 948 papae
1266 906 1442 948 capellano,
1470 916 1563 947 prov.
1583 916 1702 939 canon.
1721 908 1785 939 sub
1801 917 1898 949 exsp.
1915 909 2019 949 proeb.
2037 910 2191 943 ecclesiae
2203 911 2350 950 Pisanus,

740 959 842 990 etiam
857 959 887 990 si
902 959 992 991 dicta
1006 959 1188 999 praebenda
1201 960 1357 1000 dignitati
1373 961 1428 992 vel
1444 962 1642 1001 personatui
1656 961 1701 993 sit
1712 970 1845 994 annexa
1857 971 1866 1001 ;
1883 971 1951 994 non
1965 962 2051 996 obst.
2066 972 2147 996 cura
2161 965 2196 996 et
2207 965 2354 997 rectoria

741 1021 769 1044 s.
788 1013 976 1045 Salvatoris
990 1013 1026 1044 in
1042 1013 1178 1045 Pesolis
1194 1014 1234 1045 de
1257 1013 1349 1045 Urbe
1374 1015 1407 1046 et
1427 1023 1456 1045 s.
1480 1014 1672 1052 Christinae‚
1688 1015 1888 1048 Praenestin.
1905 1016 1967 1055 di.,
1983 1017 2123 1056 ruralis,
2137 1026 2176 1050 ac
2192 1027 2221 1050 s.
2237 1019 2354 1052 Lucioe

741 1066 782 1098 de
797 1067 976 1102 Acumulo‚
995 1067 1179 1099 Tusculan.
1197 1067 1257 1102 di.,
1283 1067 1516 1099 ecclesiarum.
1545 1085 1584 1091 —
1610 1069 1650 1100 In
1669 1078 1699 1100 e.
1717 1078 1763 1101 m.
1782 1070 1966 1102 Francisco
1983 1070 2121 1109 Calixti,
2137 1071 2351 1112 Lateranum,

741 1121 774 1151 et
785 1120 962 1158 Riccardo,
982 1120 1132 1152 basilicae
1149 1121 1314 1161 principis
1337 1121 1569 1160 apostolorum
1586 1121 1627 1153 de
1642 1122 1748 1161 Urbe,
1760 1132 1797 1154 ac
1811 1123 1953 1155 Nicolao
1969 1121 2161 1165 Raynonis,
2177 1125 2353 1158 Panormi-

740 1175 809 1205 tan.
826 1173 907 1205 eccl.
925 1174 1110 1206 canonicis,
1129 1174 1184 1213 (V.
1204 1176 1274 1209 118,
1295 1183 1348 1214 ep.
1364 1175 1424 1206 299
1441 1176 1474 1206 et
1490 1176 1562 1207 300.
1566 1177 1576 1215 )

786 1224 925 1257 42570.
944 1244 982 1250 -
997 1227 1115 1259 Joanm'
1128 1227 1240 1258 Jacobi
1257 1227 1294 1258 de
1313 1227 1498 1269 Columpna,
1517 1228 1771 1260 vicecancellario
1795 1239 1900 1272 papae,
1925 1230 2049 1263 dantur
2067 1231 2282 1272 gubernatio,
2303 1240 2354 1265 re-

741 1280 899 1312 formatio
916 1282 948 1312 et
962 1281 1114 1320 regimen
1130 1282 1276 1312 monast.
1293 1290 1321 1312 s.
1341 1281 1442 1312 Pauli
1459 1282 1499 1313 de
1526 1282 1601 1322 ripa
1628 1283 1712 1314 Arni
1728 1283 1769 1314 de
1784 1283 1878 1315 Pisis
1894 1284 1966 1316 ord.
1985 1284 2282 1323 vallisumbrosae,
2298 1294 2354 1318 va-

741 1334 851 1365 cantis
867 1343 928 1374 per
942 1334 1180 1373 privationem,
1207 1335 1306 1374 juxta
1330 1336 1534 1366 sententiam
1561 1336 1726 1367 Ludovici
1749 1345 1969 1369 romanorum
1995 1337 2215 1378 imperatoris
2232 1347 2355 1380 apapa

741 1387 988 1425 confirmatam,
1001 1387 1124 1419 factam
1136 1388 1176 1419 de
1189 1397 1336 1428 persona
1347 1389 1546 1420 Barriomaei
1559 1389 1617 1429 qui
1629 1389 1736 1421 vitam
1752 1390 1990 1422 scandalosam
2006 1391 2157 1432 gerebat,
2169 1392 2258 1424 bona
2273 1401 2355 1433 prae-

741 1441 821 1472 dicti
837 1441 1038 1473 monasterii
1055 1441 1274 1481 dilapidabat,
1293 1442 1439 1473 Romani
1453 1442 1594 1482 Imperii
1610 1442 1748 1475 devotos
1766 1443 1855 1475 male
1871 1444 2039 1477 tractabat
2053 1444 2118 1476 sub
2133 1445 2241 1485 partis
2254 1445 2356 1478 Guel-

742 1494 783 1526 fae
800 1494 912 1526 colore
928 1495 961 1525 et
986 1494 1021 1525 in
1043 1495 1168 1526 Pisano
1194 1495 1320 1535 populo
1343 1495 1547 1527 seditionem
1578 1504 1760 1536 procurare
1777 1497 1960 1537 satagebat.
1977 1515 2017 1520 —
2032 1498 2070 1530 In
2092 1507 2121 1531 e.
2139 1507 2185 1531 ιιι.
2203 1499 2356 1537 decanis,

741 1548 914 1587 prioribus
943 1549 976 1579 et
1002 1548 1157 1588 collegiis
1185 1548 1428 1579 monachorum
1451 1549 1534 1580 dicti
1556 1550 1767 1587 monasterii,
1798 1559 1836 1581 ac
1861 1551 1964 1582 etiam
1992 1552 2164 1584 vassallis.
2197 1551 2252 1591 (V.
2283 1552 2355 1590 118,

741 1610 792 1641 ep.
812 1603 871 1633 316
887 1602 920 1632 et
935 1602 1022 1640 317.)
1441 1593 1445 1596 “

786 1651 926 1684 42571.
943 1673 982 1677 -
993 1654 1116 1685 Simoni
1129 1654 1272 1692 Naldim'‚
1285 1654 1322 1686 de
1335 1655 1511 1693 Camerino,
1526 1664 1621 1695 prov.
1637 1665 1755 1688 canon.
1771 1656 1835 1688 sub
1851 1666 1946 1697 exsp.
1962 1657 2064 1697 praeb.
2078 1658 2158 1690 eccl.
2172 1658 2355 1691 Paduanae.

740 1725 781 1731 —
797 1708 837 1738 In
851 1716 880 1738 e.
895 1716 940 1738 m.
957 1707 1084 1739 Jacobo
1100 1717 1176 1747 ep.o
1194 1708 1323 1740 Ostien.
1342 1712 1374 1739 et
1390 1708 1589 1745 Velletren„
1608 1710 1640 1740 et
1658 1708 1773 1740 abbati
1788 1718 1826 1741 ac
1843 1710 1950 1749 priori
1968 1711 2048 1742 eccl.
2066 1720 2094 1742 s.
2107 1712 2127 1743 J
2131 1711 2252 1744 ustinae
2268 1712 2353 1744 civi-

740 1761 820 1792 tatis
837 1761 1016 1792 Paduanae.
1036 1760 1091 1800 (V.
1112 1762 1183 1796 118,
1201 1770 1254 1800 ep.
1275 1763 1336 1792 434
1351 1763 1383 1792 et
1399 1761 1488 1801 435.)

787 1812 926 1844 42572.
951 1832 991 1837 -
1005 1813 1151 1851 Nicolao,
1172 1814 1242 1856 filio
1269 1814 1426 1856 quondam
1449 1814 1613 1846 octaviam·
1630 1815 1667 1846 de
1696 1815 1831 1853 Vaschis,
1849 1825 1945 1856 prov.
1969 1817 2126 1849 beneficii
2150 1818 2187 1849 in
2211 1817 2356 1851 basilica

740 1868 907 1908 principis
924 1868 1159 1907 apostolorum
1181 1868 1222 1899 de
1241 1868 1346 1905 Urbe,
1365 1868 1401 1899 in
1419 1877 1497 1908 qua,
1515 1869 1594 1900 licet
1610 1869 1655 1900 sit
1679 1871 1792 1901 certus
1812 1869 2057 1902 beneficiorum
2078 1880 2253 1908 numerus,
2270 1880 2354 1912 prae-

740 1921 929 1952 bendarum
955 1922 1068 1952 tamen
1094 1921 1270 1953 distinctio
1296 1931 1364 1953 non
1391 1921 1547 1960 habetur,
1574 1931 1635 1962 per
1661 1923 1891 1962 privationem
1917 1924 1951 1955 et
1977 1924 2184 1956 amotionem
2212 1925 2357 1957 Joannis

740 1974 968 2006 Provincialis
991 1974 1132 2006 rebellis
1155 1975 1328 2012 vacantis:
1353 1984 1420 2007 non
1442 1975 1529 2007 obst.
1551 1976 1643 2016 quod
1661 1975 1825 2008 beneficlo
1848 1977 1946 2008 dictae
1967 1976 2132 2016 basilicae,
2151 1979 2193 2009 ad
2215 1978 2358 2011 malivo-

741 2028 852 2059 lorum
868 2028 1114 2066 inductionem,
1133 2028 1384 2060 sententialiter
1400 2029 1554 2068 privatus
1568 2029 1671 2060 fuerit
1685 2038 1744 2068 per
1758 2030 1904 2061 Paulum
1920 2030 1961 2062 de
1978 2031 2109 2063 Comite
2125 2032 2184 2071 qui
2199 2033 2280 2063 tunc
2294 2041 2357 2072 pro

742 2082 868 2112 vicario
887 2090 923 2113 se
941 2081 1089 2122 gerebat.
1108 2100 1145 2105 -
1162 2082 1199 2112 In
1218 2091 1247 2113 e.
1267 2091 1312 2113 m.
1329 2083 1454 2114 Joanni
1467 2083 1508 2114 de
1525 2083 1716 2121 Saracenis,
1733 2085 1766 2114 et
1783 2084 1884 2115 Petro
1901 2084 2028 2122 Alexii,
2043 2085 2299 2123 Lateranensis,
2319 2094 2359 2117 ac

742 2135 899 2171 Ricardo,
918 2135 1085 2175 principis
1099 2136 1332 2175 apostolorum
1348 2136 1388 2167 de
1402 2135 1494 2168 Urbe
1510 2136 1733 2168 basilicarum
1753 2137 1939 2168 canonicis.
1957 2137 2012 2177 (V.
2032 2139 2103 2176 118,
2120 2140 2225 2178 ep.52
2242 2140 2274 2171 et
2287 2140 2354 2179 53.)

790 2185 928 2218 42573.
948 2207 984 2211 —
1002 2189 1118 2220 Jacobo
1141 2189 1306 2220 Francisci
1323 2189 1436 2221 Jacobz⁴
1449 2188 1488 2220 de
1510 2189 1635 2221 Sanctis
1651 2190 1800 2230 Anqelen.
1821 2190 1856 2221 de
1876 2190 1967 2228 Urbe,
1988 2190 2055 2221 PP.
2076 2190 2240 2230 domicelli,
2261 2201 2357 2232 prov.

742 2250 861 2273 canon.
879 2244 912 2273 et
929 2242 1032 2282 praeb.
1053 2243 1133 2274 eccl.
1150 2243 1185 2275 S.
1203 2243 1247 2274 M.
1271 2243 1312 2274 de
1327 2243 1465 2275 Porticu
1487 2243 1528 2274 de
1545 2243 1649 2278 Urbe,
1667 2244 1862 2275 vacantium
1883 2253 1944 2284 per
1965 2245 2172 2276 amotionem
2193 2247 2225 2277 et
2247 2245 2360 2286 priva-

742 2295 870 2326 tionem
890 2296 980 2327 Petri
995 2296 1035 2327 de
1053 2296 1174 2327 Roma.
1192 2296 1284 2327 —In
1299 2305 1327 2328 e.
1347 2306 1393 2327 m.
1413 2297 1516 2328 Petro
1530 2297 1658 2335 Alexii,
1678 2298 1932 2335 Lateranensis,
1952 2298 1985 2328 et
2007 2298 2163 2329 Liciardo
2186 2299 2280 2330 Petri
2302 2299 2359 2331 Li-

743 2349 860 2386 ciardi,
876 2349 1041 2388 principis
1061 2350 1293 2389 apostolorum
1309 2349 1546 2388 basilicarum,
1567 2359 1605 2381 ac
1622 2350 1766 2382 Nicolao
1783 2351 1825 2382 de
1842 2351 2017 2391 Galganis,
2034 2351 2115 2383 eccl.
2134 2360 2164 2383 s.
2183 2352 2307 2393 Angeli
2323 2353 2360 2384 in

743 2401 816 2433 foro
831 2402 979 2441 piscium
996 2402 1036 2433 de
1053 2402 1144 2433 Urbe
1161 2403 1345 2434 canonicis.
1364 2403 1418 2442 (V.
1436 2405 1506 2440 118,
1526 2412 1578 2443 ep.
1596 2405 1652 2434 151
1671 2405 1703 2435 et
1719 2405 1805 2442 152.)

791 2452 930 2484 42574.
950 2472 988 2478 -
1011 2455 1127 2487 Jacobo
1150 2456 1317 2487 Laurentii
1332 2457 1466 2498 Joqnnis
1487 2457 1653 2488 Laurentii
1673 2466 1769 2497 prov.
1793 2457 1982 2495 clericatus,
2005 2458 2072 2489 loci
2090 2459 2123 2490 et
2147 2459 2306 2491 beneficii
2324 2459 2360 2491 in

744 2508 825 2539 eccl.
846 2509 880 2540 S.
898 2509 942 2540 M.
964 2509 998 2539 in
1012 2509 1078 2540 Via
1094 2509 1232 2549 capellae
1253 2518 1280 2540 s.
1301 2510 1465 2548 Marcelli,
1487 2519 1549 2550 per
1565 2511 1794 2550 privationem
1815 2512 1847 2542 et
1864 2511 2070 2542 amotionem
2087 2511 2244 2552 Gregorii
2263 2512 2360 2544 Facii

743 2561 884 2592 rebellis
900 2562 1106 2594 vacantium.
1125 2581 1162 2585 ——
1183 2564 1220 2593 In
1239 2571 1268 2594 e.
1291 2572 1337 2594 m.
1357 2563 1503 2603 archipr.
1531 2564 1675 2601 Ostien.,
1695 2565 1728 2595 et
1749 2564 1895 2596 Ricardo
1911 2564 2004 2596 Petri
2025 2565 2174 2602 Ricardi,
2191 2566 2359 2606 principis
2386 2587 2388 2589 >

745 2615 987 2655 apostolorum,
1012 2625 1049 2646 ac
1074 2616 1201 2647 Jacobo
1229 2617 1424 2655 Archionis,
1451 2617 1484 2648 S.
1512 2617 1557 2648 Μ.
1585 2616 1726 2659 Maioris
1751 2617 1973 2648 basilicarum
1999 2619 2182 2650 canonicis.
2210 2618 2264 2658 (V.
2287 2621 2358 2656 118,

744 2676 796 2707 ep.
816 2670 873 2699 191
893 2669 926 2700 et
945 2670 1028 2707 192.)

791 2718 931 2752 42575.
955 2739 992 2745 —-
1015 2722 1109 2753 Petro
1125 2722 1251 2753 Nicolai
1265 2723 1302 2754 de
1319 2723 1473 2760 Fontana,
1489 2723 1525 2754 de
1541 2723 1647 2764 Beqio,
1667 2732 1762 2763 prov.
1780 2732 1900 2755 canon.
1917 2725 1951 2755 et
1966 2724 2071 2764 praeb.
2088 2725 2169 2757 eccl.
2186 2727 2358 2765 Cumanae,

743 2775 938 2806 vacantium
955 2785 1015 2815 per
1030 2776 1160 2808 obitum
1175 2777 1318 2808 Joannis
1335 2777 1375 2808 de
1390 2777 1563 2809 Lovicinis
1579 2777 1619 2808 de
1636 2777 1752 2817 Regio.
1766 2794 1805 2799 —
1820 2777 1859 2808 In
1877 2786 1907 2808 e.
1924 2786 1969 2809 m.
1989 2786 2016 2810 s,
2030 2779 2155 2818 Teglae,
2172 2788 2200 2810 s.
2218 2779 2357 2819 Georgii

745 2837 782 2859 ac
798 2837 826 2858 s.
847 2829 1021 2860 Laurentii
1036 2829 1119 2860 eccl.
1138 2830 1179 2860 de
1197 2830 1390 2861 Mediolano
1406 2830 1612 2870 praepositis.
1634 2829 1684 2869 (V.
1704 2831 1774 2866 118,
1793 2839 1847 2870 ep.
1867 2831 1928 2862 229
1942 2831 1975 2862 et
1987 2830 2075 2871 230.)

792 2878 929 2911 42576.
948 2899 987 2905 -
1001 2882 1147 2920 Nicolao,
1159 2887 1233 2914 nato
1246 2883 1379 2914 Martini
1392 2883 1430 2914 de
1443 2883 1597 2921 Mortano,
1611 2892 1706 2923 prov.
1725 2892 1844 2915 canon.
1860 2883 1924 2915 sub
1938 2892 2034 2924 exsp.
2051 2884 2170 2924 praeb.‚
2185 2885 2240 2916 vel
2254 2885 2359 2925 dign,

746 2943 806 2965 seu
823 2937 1040 2975 personatus.
1060 2937 1118 2967 aut
1127 2937 1180 2968 off.
1198 2946 1226 2968 c.
1244 2946 1271 2968 c.
1290 2937 1343 2968 vel
1357 2946 1384 2968 s.
1401 2946 1444 2975 c.‚
1464 2937 1499 2968 in
1515 2937 1660 2968 ecclesia
1677 2936 1816 2973 Pisana,
1829 2937 1872 2968 ad
1885 2938 2179 2976 praesentationem
2197 2939 2360 2979 archiep.i

746 2990 779 3018 et
797 2989 942 3028 capituli
964 2989 1079 3022 Pisan.
1094 3000 1103 3027 3
1120 2999 1186 3021 non
1203 2990 1291 3021 obst.
1310 2990 1443 3022 defectu
1458 2991 1570 3022 aetatis
1589 2991 1641 3031 (12
1661 2990 1743 3030 an.).
1766 3009 1804 3013 —
1828 2990 1868 3021 In
1885 2999 1914 3021 e.
1932 2999 1977 3021 m.
1998 2990 2144 3031 archipr.
2162 2992 2307 3030 pisanae,
2327 2993 2360 3024 et
