2560 3476
198 425 304 453 Datum
321 410 511 452 Avenionej

196 1166 215 1193 9
229 1165 260 1200 (v
277 1164 329 1201 id.)
341 1164 410 1199 jun.
429 1164 516 1193 1328.

299 1210 330 1236 Τ.
351 1209 407 1236 ΧΧ.

316 1323 353 1359 Ut
372 1331 397 1352 s,

318 1695 355 1722 Ut.
371 1703 394 1722 s.

264 1739 295 1766 Τ.
313 1739 359 1772 XI,
375 1739 447 1766 XIII.

316 1960 354 1988 Ut
373 1969 397 1988 s.

276 2005 308 2032 T.
324 2005 358 2039 X,
378 2005 437 2032 XII.

316 2227 354 2255 Ut
374 2235 396 2254 s.
430 2224 435 2228 ”

268 2272 299 2299 T.
316 2272 363 2306 xl,
378 2271 450 2299 xm.

186 2442 278 2477 40(1v
294 2441 346 2477 id.)
358 2441 425 2476 jun.
442 2441 531 2470 4328.

291 2486 321 2514 T.
342 2486 423 2514 XXX.

318 2602 354 2630 Ut
370 2611 394 2630 s.

561 330 735 361 JOANNIS
757 330 877 361 PAPAE
898 330 1274 373 XX11.·(1316-1334).
1298 349 1336 353 —
1357 330 1544 360 LITTERAE
1569 329 1794 360 COMMUNES
2137 331 2196 362 291
2242 331 2245 334 ”

594 524 688 556 tibus
703 533 763 565 per
779 525 975 557 haeretIcum
992 525 1203 556 Ludovicum
1225 525 1266 555 de
1291 525 1436 556 Bavaria
1458 524 1611 564 privatus
1632 523 1707 561 fuit,
1732 524 1934 564 percipiens,
1952 524 1986 555 in
2004 525 2114 564 presb.
2132 533 2198 556 non

595 580 784 618 promotus,
802 580 834 610 et
851 579 988 609 tandem
1007 579 1041 609 in
1054 579 1174 615 Sliers,
1190 587 1218 609 s.
1237 578 1399 618 Stephani
1416 579 1450 609 et
1465 587 1493 610 s.
1513 577 1657 609 Joannis
1673 578 1920 617 praeposituris,
1938 587 2069 608 necnon
2089 579 2200 609 canto-

595 631 646 663 ria
662 633 694 663 et
707 632 886 664 scolastria
903 632 1074 672 praedictis
1089 631 1255 668 dimissis,
1272 632 1520 669 canonicatum,
1539 631 1754 671 praebendam
1773 640 1811 662 ac
1826 631 2088 671 praeposituram
2103 631 2200 663 dictae·

595 685 746 717 ecclesiae
762 686 941 722 Ardacen.,
959 694 1060 725 quam
1077 685 1146 716 fere
1162 694 1222 724 per
1237 685 1465 725 septennium,
1476 686 1508 716 et
1525 685 1703 715 ecclesiam
1719 684 1754 715 in
1773 685 1900 715 Polano
1911 685 2083 724 praedicta,
2098 694 2200 725 quam

594 747 679 778 pene
695 748 756 778 per
773 739 1034 778 quadriennium
1051 738 1173 774 tenuit,
1190 738 1232 769 ad
1247 747 1396 777 praesens
1413 739 1534 769 retinet
1552 738 1681 769 fructus
1702 747 1744 768 ex
1767 738 1817 769 eis
1832 738 2036 778 percipiens,
2060 739 2101 769 ad
2120 738 2202 769 ulte-

597 792 705 823 riores
722 792 858 823 ordines
874 801 941 823 non
956 793 1144 832 promotus,
1159 800 1219 822 nec
1237 792 1363 823 resedit
1377 791 1603 831 personaliter
1620 792 1655 822 in
1671 791 1770 828 eisd.,
1783 791 1933 830 dispens.
1950 792 2064 831 aliqua
2075 801 2094 822 a
2108 792 2141 823 S.
2159 791 2200 823 A.

595 854 663 876 non
680 845 826 890 obtenta.
844 846 1079 877 Remittuntur
1096 846 1128 877 ei
1146 846 1277 877 fructus
1295 845 1410 876 minus
1431 845 1523 884 J'uste
1545 845 1703 885 percepti,
1735 846 1768 876 et
1791 845 1963 876 confertur
1983 846 2202 876 canonicatus

596 899 680 935 eccl.
696 889 928 931 Constantien'.
947 899 1010 930 sub
1027 908 1123 938 exsp.
1142 899 1268 939 praeb.;
1285 907 1362 929 cum
1379 898 1585 938 obligatione
1600 898 1795 929 dimittendi
1810 898 1952 937 praefata
1968 899 2203 930 canonicatum

597 953 830 984 constantien.
848 961 885 983 ac
903 952 1166 992 praeposituram
1194 952 1360 983 Ardacen.
1382 951 1604 982 ecclesiarum
1629 951 1879 991 praedictarum,
1907 953 1939 983 et
1964 952 2143 983 ecclesiam
2160 953 2202 983 de

597 1005 738 1037 Polano.
761 1024 793 1028 —
810 1006 835 1037 I.
852 1014 882 1036 e.
899 1014 945 1036 m.
963 1005 1132 1045 archiep.o
1151 1005 1380 1043 Ebredunen.,
1399 1006 1430 1036 et
1449 1004 1563 1035 abbati
1584 1006 1730 1035 monast.
1752 1005 1786 1035 in
1804 1005 2020 1044 Wingarten,
2037 1005 2203 1037 Constan-

596 1059 677 1090 tien.
695 1059 754 1096 di.,
769 1068 806 1090 ac
820 1059 945 1090 decano
961 1059 1041 1090 eccl.
1060 1059 1343 1090 Constantiensis.
1369 1058 1421 1097 (A.
1439 1060 1488 1095 31,
1506 1058 1529 1088 f.
1551 1060 1610 1089 377
1627 1058 1657 1094 ¹³,
1685 1057 1718 1088 V.
1745 1059 1796 1095 88,
1813 1067 1866 1098 ep.
1883 1059 1987 1095 33893
2005 1059 2046 1090 K.
2063 1059 2201 1096 Rieder,

598 1112 758 1142 Rcmiscfee
775 1111 912 1149 Quellen,
930 1120 962 1151 p.
978 1113 1049 1149 230,
1067 1120 1099 1142 n.
1116 1112 1202 1152 816.)

642 1162 779 1195 41528.
796 1183 831 1188 —-
847 1165 990 1203 Mathaeo,
1003 1175 1042 1196 ss.
1055 1165 1187 1198 ,Ioannis
1199 1170 1226 1195 et
1242 1165 1339 1196 Pauli
1350 1164 1452 1206 presb.
1465 1164 1566 1201 card„
1576 1165 1690 1195 mand.
1704 1166 1741 1195 ut
1755 1174 1773 1195 a
1786 1164 1961 1196 Friderico
1973 1165 2013 1196 de
2026 1165 2202 1197 Schowen-

596 1219 679 1259 berg
693 1219 834 1259 recipiat
864 1219 1129 1259 resignationem
1150 1219 1367 1250 canonicatus
1387 1219 1418 1250 et
1435 1218 1538 1258 praeb.
1557 1218 1637 1250 eccl.
1665 1218 1891 1249 Pataviensis.
1913 1219 1965 1257 (A.
1982 1220 2034 1256 31,
2056 1218 2080 1249 f.
2097 1220 2156 1250 378
2171 1219 2205 1257 ¹³3

602 1273 638 1304 V.
656 1274 706 1307 88,
721 1264 778 1311 ep.
795 1273 898 1309 3390.)

642 1323 779 1356 41529.
795 1344 833 1349 -
850 1325 955 1357 Ottom'
969 1326 1006 1357 de
1021 1326 1255 1367 Schowenbery,
1272 1325 1458 1356 subdiacono
1483 1325 1645 1357 Patavien.
1668 1325 1725 1363 di.,
1742 1325 1932 1356 habilitatio
1949 1326 1981 1357 et
1996 1326 2146 1365 dispens.
2164 1325 2206 1357 ab

596 1379 847 1420 irregularitate
863 1382 1036 1411 contracta
1061 1389 1103 1411 ex
1125 1389 1163 1411 eo
1190 1379 1293 1419 quod,
1322 1379 1450 1410 dudum
1473 1379 1624 1410 existens
1648 1379 1804 1415 clericus,
1831 1379 1944 1410 minor
1960 1380 2205 1418 tamenannis,

597 1433 825 1473 parochialem
841 1433 1022 1464 ecclesiam
1038 1434 1078 1464 de
1097 1434 1278 1469 Landowe,
1296 1433 1392 1464 dietae
1409 1433 1469 1469 di.,
1488 1434 1666 1464 assecutus
1691 1433 1756 1463 fuit
1769 1434 1802 1464 et
1815 1441 1875 1472 per
1893 1433 2020 1464 multos
2036 1442 2142 1464 annos
2158 1434 2205 1464 te-

598 1487 684 1522 nuit,
701 1488 801 1526 prout
817 1487 924 1518 adhuc
938 1488 1041 1523 tenet,
1058 1487 1188 1518 fructus
1201 1486 1405 1526 percipiens,
1422 1486 1456 1517 in
1469 1486 1582 1526 presb.
1600 1495 1667 1517 non
1683 1487 1870 1526 promotus,
1884 1487 2045 1526 quamvis
2059 1488 2136 1526 post
2151 1495 2205 1517 an-

597 1549 679 1571 num
697 1540 873 1571 commissi
887 1540 953 1571 sibi
976 1540 1154 1580 regiminis
1170 1540 1281 1579 ipsius
1306 1540 1457 1571 ecclesiae
1485 1548 1521 1571 sc
1549 1540 1666 1571 fecerit
1683 1539 1718 1570 in
1736 1539 1982 1571 subdiaconum
1999 1540 2204 1579 promoveri,

598 1603 659 1625 nec
679 1593 781 1625 etiam
797 1594 832 1624 in
849 1603 888 1624 ea
908 1594 1134 1633 personaliter
1149 1594 1289 1631 resedit,
1311 1594 1462 1633 dispens.
1480 1593 1594 1633 aliqua
1612 1602 1714 1633 super
1730 1594 1783 1624 his
1809 1603 1828 1624 a
1851 1594 1885 1625 S.
1902 1594 1942 1624 A.
1963 1603 2029 1624 non
2049 1593 2205 1630 obtenta;

598 1656 674 1678 cum
689 1647 892 1678 remissione
902 1647 1075 1678 fructuum
1088 1656 1131 1678 ex
1145 1648 1289 1679 ecclesia
1301 1648 1375 1687 ipsa
1387 1648 1635 1687 perceptorum.
1645 1647 1697 1687 (A.
1708 1648 1759 1683 31,
1773 1647 1864 1678 f.378
1876 1646 1906 1684 ¹³;
1926 1647 1962 1678 V.
1973 1648 2024 1684 88,
2035 1656 2086 1686 ep.
2099 1649 2206 1686 3391.)

643 1697 780 1731 41530.
798 1718 837 1723 -
850 1701 995 1736 Matkaeo,
1012 1705 1086 1731 nalo
1101 1700 1249 1732 Barcholi
1263 1700 1359 1731 Pauli
1373 1701 1517 1737 Joannis,
1538 1701 1616 1736 mil„
1634 1700 1706 1732 cler.
1724 1700 1892 1738 Narnien.,
1911 1701 2020 1741 gratia
2037 1709 2131 1740 exsp.
2152 1701 2206 1732 be-

598 1754 665 1786 nef.
683 1763 710 1784 c.
728 1763 756 1784 0.
774 1754 827 1785 vel
843 1763 870 1785 s.
888 1763 916 1785 c.
933 1754 1070 1785 etiamsi
1086 1754 1191 1794 dign.,
1209 1755 1263 1785 vel
1289 1756 1491 1793 personatus
1519 1755 1576 1786 aut
1592 1755 1647 1785 off.
1665 1754 1791 1785 existat
1806 1755 1839 1785 in
1856 1755 1952 1789 eccl„
1979 1754 2071 1785 civit.
2088 1755 2142 1785 vel
2158 1755 2204 1785 di.

598 1807 777 1844 Narnien.‚
795 1807 836 1838 ad
854 1807 1070 1838 collationem
1087 1807 1154 1846 ep.i
1171 1808 1204 1838 et
1221 1807 1361 1847 capituli
1379 1807 1543 1839 Narnien.
1560 1808 1682 1846 pertin.
1704 1826 1741 1830 —
1758 1808 1785 1838 Ι.
1804 1816 1833 1838 0.
1849 1816 1895 1838 m.
1911 1807 2204 1839 abbatimonaste-

599 1860 643 1892 rii
663 1869 690 1891 s.
707 1861 829 1900 Angeli
849 1860 884 1891 in
902 1861 1014 1898 Maxa,
1033 1862 1064 1892 et
1081 1861 1187 1900 priori
1206 1861 1317 1892 saecul.
1345 1869 1372 1891 s.
1399 1861 1490 1891 Petri
1513 1861 1547 1891 in
1572 1861 1693 1896 Conca,
1714 1870 1750 1892 ac
1768 1861 1913 1899 archipr.
1929 1861 1962 1892 S.
1982 1861 2027 1892 M.
2054 1861 2093 1892 de
2112 1861 2205 1892 Utri-

600 1913 688 1950 culo,
702 1914 865 1945 Narnien.
884 1914 942 1950 di.,
959 1914 1039 1945 eccl.
1059 1914 1112 1951 (A.
1132 1915 1182 1951 31,
1202 1914 1225 1944 f.
1242 1916 1302 1945 469
1319 1913 1348 1950 Ἣ
1370 1914 1405 1946 V.
1423 1915 1473 1950 88,
1496 1914 1518 1946 f.
1536 1915 1596 1945 236
1612 1914 1638 1951 b,
1655 1923 1706 1954 ep.
1726 1915 1832 1952 3612.)

645 1963 783 1997 41531.
801 1986 838 1991 -
853 1968 973 1998 Joanni
985 1967 1081 1998 Pauli
1094 1968 1227 1998 Joanm's
1245 1967 1324 2005 mil„
1343 1978 1411 1999 can.
1435 1968 1636 2009 portionario
1663 1967 1734 1999 eccl.
1754 1978 1778 1999 S.
1809 1968 1964 1999 Vincentii
1979 1967 2016 1998 de
2034 1967 2124 2006 Urbe,
2141 1968 2206 1999 col-

599 2021 682 2052 latio
698 2029 816 2052 canon.
837 2021 916 2052 eccl.
935 2021 968 2052 S.
987 2021 1031 2052 M.
1052 2021 1092 2052 de
1110 2021 1219 2052 Trans
1247 2021 1400 2052 Tiberim
1414 2022 1454 2052 de
1472 2021 1560 2052 dicta
1576 2021 1679 2058 Urbe,
1698 2022 1732 2052 in
1746 2030 1822 2061 qua,
1836 2021 1916 2052 licet
1933 2021 1977 2052 sit
2001 2023 2112 2053 certus
2131 2030 2205 2052 can.

600 2083 776 2111 numerus,
794 2074 898 2115 praeb.
915 2075 1027 2105 tamen
1044 2075 1219 2105 distinctio
1237 2074 1477 2106 non'habetur.
1497 2093 1535 2097 ——
1547 2075 1574 2107 I.
1594 2084 1623 2106 e.
1640 2084 1684 2106 m.
1705 2083 1733 2106 s.
1753 2075 1844 2107 Celsi
1861 2076 1893 2106 et
1909 2075 1941 2106 S.
1958 2075 2003 2106 M.
2019 2075 2054 2105 in
2070 2075 2208 2114 Traspi-

601 2127 681 2158 dino
700 2127 892 2167 archipr.is‚
922 2137 959 2159 ac
986 2127 1124 2159 Bobono
1147 2128 1301 2166 Joannis,
1320 2137 1393 2159 can.
1422 2128 1574 2160 basilicae
1598 2128 1763 2168 principis
1791 2129 2023 2168 apostolorum
2042 2129 2082 2159 de
2101 2128 2204 2160 Urbe.

602 2180 654 2220 (A.
671 2182 722 2216 31,
740 2181 763 2212 f.
780 2182 841 2212 470
859 2187 887 2219 ει;
913 2181 948 2213 V.
965 2182 1016 2217 88,
1035 2181 1060 2212 f.
1079 2183 1139 2213 237
1158 2187 1182 2219 ³,
1199 2190 1251 2221 ep.
1269 2183 1374 2221 3613.)

646 2231 784 2264 41532.
804 2254 840 2258 -
857 2235 976 2266 Ioanni
993 2235 1136 2272 Martini,
1155 2235 1228 2265 cler.
1245 2240 1273 2265 et
1290 2235 1471 2275 beneficiato
1490 2236 1522 2265 in
1536 2235 1608 2266 eccl.
1625 2246 1650 2266 s.
1668 2235 1770 2267 Blasii
1785 2235 1822 2266 de
1837 2240 1938 2266 castro
1953 2235 2110 2271 Alvenini,
2127 2235 2209 2266 Nar-

601 2288 683 2319 nien.
703 2287 760 2324 di.,
778 2297 871 2328 prov.
891 2297 1009 2320 canon.
1027 2289 1091 2319 sub
1107 2297 1202 2328 exsp.
1219 2289 1321 2329 praeb.
1341 2289 1420 2320 eccl.
1441 2298 1469 2320 s.
1485 2289 1579 2320 Petri
1599 2290 1634 2320 in
1659 2289 1782 2327 Conca,
1807 2289 1905 2320 dictae
1922 2289 1968 2320 di.
1995 2308 2034 2313 -
2056 2289 2083 2320 I.
2108 2298 2137 2320 e.
2160 2298 2207 2320 m.

601 2341 716 2373 abbati
733 2343 879 2373 monast.
900 2351 928 2373 s.
947 2342 1070 2382 Angeli
1086 2342 1121 2373 in
1136 2342 1247 2380 Maxa,
1267 2344 1299 2374 et
1317 2343 1461 2382 archipr.
1482 2343 1515 2374 S.
1535 2343 1579 2374 M.
1598 2343 1638 2374 de
1653 2343 1995 2380 Utriculo,Narnien.
2013 2343 2072 2379 di.,
2088 2352 2125 2374 ac
2142 2343 2208 2374 An-

601 2395 676 2436 gelo
692 2395 928 2432 Leonarducii,
946 2405 1019 2427 can.
1036 2396 1200 2428 Narnien.
1221 2396 1301 2427 eccl.
1321 2396 1374 2435 (Az
1393 2398 1444 2434 31,
1464 2396 1486 2428 f.
1503 2397 1565 2428 470
1581 2396 1611 2434 ¹³3
1633 2396 1668 2428 V.
1688 2398 1738 2433 88,
1756 2397 1780 2427 ἰ.
1796 2398 1857 2428 237
1873 2402 1897 2434 ἃ,
1916 2405 1969 2436 ep.
1986 2398 2093 2435 3614.)

646 2445 782 2478 41533.
803 2466 839 2471 -—
854 2448 998 2490 Palayno
1014 2459 1084 2491 ep.o
1102 2449 1241 2490 Iporz'en.
1269 2450 1414 2481 facultas
1431 2450 1618 2489 recipiendi
1633 2459 1651 2481 a
1665 2451 1788 2482 Savino
1804 2451 1844 2481 de
1861 2450 1990 2482 Solerio
2010 2451 2212 2490 resignatio-

601 2510 678 2533 nem
696 2510 814 2534 canon.
827 2503 859 2533 et
877 2502 980 2542 praeb.
993 2503 1072 2534 0001.
1085 2503 1244 2540 Januen.,
1256 2512 1362 2543 eaque
1381 2512 1534 2543 personae
1548 2504 1689 2541 idoneae,
1708 2504 1748 2535 de
1766 2513 1832 2544 qua
1850 2504 1917 2544 ipsi
1934 2513 2009 2544 ep.o
2027 2503 2208 2541 videbItur‚

601 2555 809 2587 conferendi.
828 2555 880 2596 (A.
895 2557 945 2594 30,
964 2556 987 2587 f.
1003 2558 1105 2593 537³5
1127 2556 1160 2587 V.
1177 2557 1228 2595 87,
1246 2566 1298 2596 ep.
1319 2558 1425 2596 2033.)
1728 2550 1730 2552 ’

646 2606 785 2638 41534.
810 2627 847 2632 —-
860 2609 978 2640 Joanni
992 2609 1029 2641 S.
1061 2609 1213 2641 Theodori
1232 2610 1313 2642 diac.
1333 2610 1431 2648 card„
1456 2610 1495 2641 A.
1518 2611 1553 2642 S.
1574 2610 1686 2652 loquio,
1713 2615 1742 2641 et
1761 2610 1893 2641 Roberto
1915 2610 1952 2641 de
1967 2610 2141 2651 Albarupe,
2160 2620 2208 2640 ar-

602 2662 685 2694 chid.
704 2662 742 2693 de
760 2662 843 2704 Seya
859 2663 892 2693 in
910 2663 984 2695 eccl.
1002 2663 1197 2705 Leqionensi,
1216 2674 1285 2705 cap.
1304 2664 1412 2705 Papae,
1429 2664 1616 2695 Patrimonii
1634 2665 1660 2696 b.
1678 2664 1767 2695 Petri
1780 2665 1812 2694 in
1830 2664 1940 2694 Tuscia
1954 2664 2077 2699 rectori,
2097 2664 2209 2695 mand.

602 2718 640 2748 ut
653 2716 826 2756 publicent
842 2716 1092 2748 absolutionem
1105 2718 1296 2749 communis
1314 2719 1346 2750 et
1359 2718 1478 2758 populi
1494 2718 1587 2749 civit.
1603 2718 1739 2750 Narniae
1756 2718 1815 2757 qui
1828 2718 1868 2748 ad
1886 2718 1920 2748 S.
1937 2718 1979 2748 A.
1993 2717 2135 2747 nuncios
2149 2717 2210 2747 mi-

603 2771 719 2801 serunt
737 2770 778 2801 ad
796 2763 1067 2802 submittendum
1085 2771 1230 2811 seipSQS,
1252 2771 1388 2802 nomine
1406 2771 1488 2802 dicti
1511 2771 1702 2802 communis
1727 2771 1759 2802 et
1781 2770 1910 2810 populi,
1930 2770 2067 2801 domino
2083 2770 2207 2801 ,Ioanni

603 2823 704 2862 Papae
729 2823 831 2854 XXII
856 2825 889 2854 et
914 2824 955 2855 ad
981 2824 1247 2864 promittendum
1275 2825 1365 2864 quod
1390 2825 1470 2856 dicti
1497 2833 1675 2855 commune
1701 2825 1732 2855 et
1760 2824 1907 2863 populus
1934 2822 2145 2854 satisfacient
2169 2823 2209 2854 de

603 2875 803 2907 excessibus
825 2885 883 2916 per
902 2886 961 2908 eos
975 2878 1177 2917 perpetratis
1190 2879 1304 2908 contra
1318 2878 1360 2910 R.
1375 2878 1427 2915 E.‚
1443 2877 1522 2908 dum
1536 2886 1594 2916 per
1610 2886 1733 2908 saevam
1751 2877 1966 2916 tyrannidem
1984 2876 2209 2915 quorumdam

603 2929 668 2960 Dei
685 2929 716 2960 et
732 2929 829 2960 dictae
845 2929 1007 2960 Ecclesiae
1022 2930 1201 2961 rebellium
1219 2931 1309 2961 dicta
1318 2930 1440 2962 civitas
1457 2930 1683 2966 detinebatur,
1699 2931 1836 2969 propter
1850 2929 1940 2969 quod
1951 2930 2068 2960 contra
2081 2938 2138 2960 eos
2150 2938 2210 2969 per

599 2981 762 3013 eumdem
780 2983 944 3014 rectorem
962 2984 993 3014 et
1007 2983 1275 3022 praedecessores
1283 2992 1363 3014 suos
1379 2983 1521 3014 diversae
1533 2983 1710 3014 sententiae
1725 2983 1946 3022 promulgatae
1957 2991 2128 3022 paenaeque
2145 2982 2210 3022 spi-

606 3035 749 3066 rituales
765 3036 798 3066 et
813 3035 1019 3074 temporales
1036 3035 1206 3075 impositae
1234 3036 1370 3067 fuerunt
1391 3037 1478 3076 ipsis
1496 3038 1528 3067 et
1558 3036 1704 3067 inflictae.
1720 3036 1758 3066 In
1783 3035 1846 3067 hac
1861 3036 1974 3067 tamen
1999 3035 2211 3068 absolutione
