<?xml version="1.0" encoding="UTF-8"?>
<!DOCTYPE html PUBLIC "-//W3C//DTD XHTML 1.0 Transitional//EN"
    "http://www.w3.org/TR/xhtml1/DTD/xhtml1-transitional.dtd">
<html xmlns="http://www.w3.org/1999/xhtml" xml:lang="en" lang="en">
 <head>
  <title>
</title>
<meta http-equiv="Content-Type" content="text/html;charset=utf-8" />
  <meta name='ocr-system' content='tesseract 3.04.00' />
  <meta name='ocr-capabilities' content='ocr_page ocr_carea ocr_par ocr_line ocrx_word'/>
</head>
<body>
  <div class='ocr_page' id='page_1' title='image "./lettrescommunes07romeuoft_0272.png"; bbox 0 0 2560 3476; ppageno 0'>
   <div class='ocr_carea' id='block_1_1' title="bbox 327 326 386 356">
    <p class='ocr_par' dir='ltr' id='par_1_1' title="bbox 327 326 386 356">
     <span class='ocr_line' id='line_1_1' title="bbox 327 326 386 356; baseline -0.034 0"><span class='ocrx_word' id='word_1_1' title='bbox 327 326 386 356; x_wconf 81' lang='lat'><strong>262</strong></span> 
     </span>
    </p>
   </div>
   <div class='ocr_carea' id='block_1_2' title="bbox 355 405 670 450">
    <p class='ocr_par' dir='ltr' id='par_1_2' title="bbox 355 405 670 450">
     <span class='ocr_line' id='line_1_2' title="bbox 355 405 670 450; baseline -0.006 -10"><span class='ocrx_word' id='word_1_2' title='bbox 355 413 458 440; x_wconf 82' lang='lat' dir='ltr'><strong>Datum</strong></span> <span class='ocrx_word' id='word_1_3' title='bbox 482 405 670 450; x_wconf 61' lang='lat' dir='ltr'><strong>Avmdone.</strong></span> 
     </span>
    </p>
   </div>
   <div class='ocr_carea' id='block_1_3' title="bbox 398 671 626 752">
    <p class='ocr_par' dir='ltr' id='par_1_3' title="bbox 398 671 626 752">
     <span class='ocr_line' id='line_1_3' title="bbox 398 671 626 699; baseline -0.004 0"><span class='ocrx_word' id='word_1_4' title='bbox 398 672 437 699; x_wconf 84' lang='lat'><strong>22</strong></span> <span class='ocrx_word' id='word_1_5' title='bbox 453 672 523 699; x_wconf 82' lang='lat' dir='ltr'><strong>maii</strong></span> <span class='ocrx_word' id='word_1_6' title='bbox 538 671 626 698; x_wconf 72' lang='lat'>4328.</span> 
     </span>
     <span class='ocr_line' id='line_1_4' title="bbox 410 715 614 752; baseline -0.01 -8"><span class='ocrx_word' id='word_1_7' title='bbox 410 719 453 751; x_wconf 78' lang='lat' dir='ltr'><strong>(xi</strong></span> <span class='ocrx_word' id='word_1_8' title='bbox 466 716 525 744; x_wconf 82' lang='lat' dir='ltr'><strong>kal.</strong></span> <span class='ocrx_word' id='word_1_9' title='bbox 538 715 614 752; x_wconf 86' lang='lat' dir='ltr'>jun.)</span> 
     </span>
    </p>
   </div>
   <div class='ocr_carea' id='block_1_4' title="bbox 476 778 555 806">
    <p class='ocr_par' dir='ltr' id='par_1_4' title="bbox 476 778 555 806">
     <span class='ocr_line' id='line_1_5' title="bbox 476 778 555 806; baseline 0 -1"><span class='ocrx_word' id='word_1_10' title='bbox 476 778 511 806; x_wconf 86' lang='lat' dir='ltr'><strong>Ut</strong></span> <span class='ocrx_word' id='word_1_11' title='bbox 531 786 555 805; x_wconf 77' lang='lat' dir='ltr'><strong>s,</strong></span> 
     </span>
    </p>
   </div>
   <div class='ocr_carea' id='block_1_5' title="bbox 398 936 625 1054">
    <p class='ocr_par' dir='ltr' id='par_1_5' title="bbox 398 936 625 1054">
     <span class='ocr_line' id='line_1_6' title="bbox 398 936 625 966; baseline -0.013 0"><span class='ocrx_word' id='word_1_12' title='bbox 398 938 437 966; x_wconf 83' lang='lat'><strong>23</strong></span> <span class='ocrx_word' id='word_1_13' title='bbox 452 938 521 965; x_wconf 85' lang='lat' dir='ltr'><strong>maii</strong></span> <span class='ocrx_word' id='word_1_14' title='bbox 538 936 625 965; x_wconf 73' lang='lat'>1328.</span> 
     </span>
     <span class='ocr_line' id='line_1_7' title="bbox 414 981 617 1018; baseline -0.01 -8"><span class='ocrx_word' id='word_1_15' title='bbox 414 985 444 1017; x_wconf 85' lang='lat' dir='ltr'><strong>(x</strong></span> <span class='ocrx_word' id='word_1_16' title='bbox 464 981 522 1009; x_wconf 80' lang='lat' dir='ltr'><strong>kal.</strong></span> <span class='ocrx_word' id='word_1_17' title='bbox 540 981 617 1018; x_wconf 87' lang='lat' dir='ltr'>jun.)</span> 
     </span>
     <span class='ocr_line' id='line_1_8' title="bbox 450 1027 571 1054; baseline 0 0"><span class='ocrx_word' id='word_1_18' title='bbox 450 1027 480 1054; x_wconf 92' lang='lat' dir='ltr'><strong>T.</strong></span> <span class='ocrx_word' id='word_1_19' title='bbox 502 1027 571 1054; x_wconf 94' lang='lat' dir='ltr'>XVI.</span> 
     </span>
    </p>
   </div>
   <div class='ocr_carea' id='block_1_6' title="bbox 451 1205 573 1276">
    <p class='ocr_par' dir='ltr' id='par_1_6' title="bbox 451 1205 573 1276">
     <span class='ocr_line' id='line_1_9' title="bbox 473 1205 549 1233; baseline -0.013 0"><span class='ocrx_word' id='word_1_20' title='bbox 473 1205 510 1233; x_wconf 86' lang='lat' dir='ltr'><strong>Ut</strong></span> <span class='ocrx_word' id='word_1_21' title='bbox 525 1213 549 1232; x_wconf 91' lang='lat' dir='ltr'><strong>s.</strong></span> 
     </span>
     <span class='ocr_line' id='line_1_10' title="bbox 451 1249 573 1276; baseline 0 0"><span class='ocrx_word' id='word_1_22' title='bbox 451 1249 481 1276; x_wconf 90' lang='lat' dir='ltr'><strong>T.</strong></span> <span class='ocrx_word' id='word_1_23' title='bbox 502 1249 573 1276; x_wconf 89' lang='lat' dir='ltr'>XVI.</span> 
     </span>
    </p>
   </div>
   <div class='ocr_carea' id='block_1_7' title="bbox 417 1364 603 1442">
    <p class='ocr_par' dir='ltr' id='par_1_7' title="bbox 417 1364 603 1442">
     <span class='ocr_line' id='line_1_11' title="bbox 467 1364 548 1393; baseline 0.012 -1"><span class='ocrx_word' id='word_1_24' title='bbox 467 1364 504 1392; x_wconf 86' lang='lat' dir='ltr'><strong>Ut</strong></span> <span class='ocrx_word' id='word_1_25' title='bbox 525 1373 548 1393; x_wconf 78' lang='lat' dir='ltr'><strong>S.</strong></span> 
     </span>
     <span class='ocr_line' id='line_1_12' title="bbox 417 1409 603 1442; baseline 0 -6"><span class='ocrx_word' id='word_1_26' title='bbox 417 1410 447 1437; x_wconf 89' lang='lat' dir='ltr'><strong>T.</strong></span> <span class='ocrx_word' id='word_1_27' title='bbox 467 1409 513 1442; x_wconf 92' lang='lat' dir='ltr'>XI,</span> <span class='ocrx_word' id='word_1_28' title='bbox 531 1409 603 1437; x_wconf 90' lang='lat' dir='ltr'>XIII.</span> 
     </span>
    </p>
   </div>
   <div class='ocr_carea' id='block_1_8' title="bbox 419 1684 606 1764">
    <p class='ocr_par' dir='ltr' id='par_1_8' title="bbox 419 1684 606 1764">
     <span class='ocr_line' id='line_1_13' title="bbox 472 1684 553 1712; baseline 0 0"><span class='ocrx_word' id='word_1_29' title='bbox 472 1684 509 1712; x_wconf 92' lang='lat' dir='ltr'><strong>Ut</strong></span> <span class='ocrx_word' id='word_1_30' title='bbox 529 1692 553 1712; x_wconf 89' lang='lat' dir='ltr'><strong>s.</strong></span> 
     </span>
     <span class='ocr_line' id='line_1_14' title="bbox 419 1729 606 1764; baseline 0 -8"><span class='ocrx_word' id='word_1_31' title='bbox 419 1729 450 1757; x_wconf 87' lang='lat' dir='ltr'><strong>T.</strong></span> <span class='ocrx_word' id='word_1_32' title='bbox 469 1730 516 1764; x_wconf 87' lang='lat' dir='ltr'>XI,</span> <span class='ocrx_word' id='word_1_33' title='bbox 533 1729 606 1757; x_wconf 88' lang='lat' dir='ltr'>XIII.</span> 
     </span>
    </p>
   </div>
   <div class='ocr_carea' id='block_1_9' title="bbox 420 2058 608 2138">
    <p class='ocr_par' dir='ltr' id='par_1_9' title="bbox 420 2058 608 2138">
     <span class='ocr_line' id='line_1_15' title="bbox 475 2058 551 2086; baseline 0.013 -1"><span class='ocrx_word' id='word_1_34' title='bbox 475 2058 510 2086; x_wconf 87' lang='lat' dir='ltr'><strong>Ut</strong></span> <span class='ocrx_word' id='word_1_35' title='bbox 527 2067 551 2086; x_wconf 78' lang='lat' dir='ltr'><strong>s,</strong></span> 
     </span>
     <span class='ocr_line' id='line_1_16' title="bbox 420 2103 608 2138; baseline 0 -8"><span class='ocrx_word' id='word_1_36' title='bbox 420 2104 451 2131; x_wconf 93' lang='lat' dir='ltr'><strong>T.</strong></span> <span class='ocrx_word' id='word_1_37' title='bbox 472 2103 518 2138; x_wconf 88' lang='lat' dir='ltr'>XI,</span> <span class='ocrx_word' id='word_1_38' title='bbox 536 2103 608 2131; x_wconf 89' lang='lat' dir='ltr'>XIII.</span> 
     </span>
    </p>
   </div>
   <div class='ocr_carea' id='block_1_10' title="bbox 422 2486 607 2566">
    <p class='ocr_par' dir='ltr' id='par_1_10' title="bbox 422 2486 607 2566">
     <span class='ocr_line' id='line_1_17' title="bbox 476 2486 556 2514; baseline 0 0"><span class='ocrx_word' id='word_1_39' title='bbox 476 2486 512 2514; x_wconf 86' lang='lat' dir='ltr'><strong>Ut</strong></span> <span class='ocrx_word' id='word_1_40' title='bbox 532 2495 556 2514; x_wconf 86' lang='lat' dir='ltr'><strong>s.</strong></span> 
     </span>
     <span class='ocr_line' id='line_1_18' title="bbox 422 2531 607 2566; baseline 0.005 -8"><span class='ocrx_word' id='word_1_41' title='bbox 422 2531 453 2558; x_wconf 90' lang='lat' dir='ltr'><strong>T.</strong></span> <span class='ocrx_word' id='word_1_42' title='bbox 473 2531 520 2566; x_wconf 81' lang='lat' dir='ltr'>XI,</span> <span class='ocrx_word' id='word_1_43' title='bbox 535 2532 607 2559; x_wconf 89' lang='lat' dir='ltr'>XIII.</span> 
     </span>
    </p>
   </div>
   <div class='ocr_carea' id='block_1_11' title="bbox 728 317 1968 358">
    <p class='ocr_par' dir='ltr' id='par_1_11' title="bbox 728 317 1968 358">
     <span class='ocr_line' id='line_1_19' title="bbox 728 317 1968 358; baseline -0.001 -8"><span class='ocrx_word' id='word_1_44' title='bbox 728 317 902 350; x_wconf 87' lang='lat' dir='ltr'>JOANNIS</span> <span class='ocrx_word' id='word_1_45' title='bbox 925 317 1044 349; x_wconf 87' lang='lat' dir='ltr'>PAPAE</span> <span class='ocrx_word' id='word_1_46' title='bbox 1067 317 1169 349; x_wconf 89' lang='lat' dir='ltr'>XXII.</span> <span class='ocrx_word' id='word_1_47' title='bbox 1194 319 1444 358; x_wconf 79' lang='lat'>(1316-1834).</span> <span class='ocrx_word' id='word_1_48' title='bbox 1468 335 1508 341; x_wconf 95' lang='lat'>—</span> <span class='ocrx_word' id='word_1_49' title='bbox 1529 317 1717 348; x_wconf 77' lang='lat' dir='ltr'><strong>LITTERAE</strong></span> <span class='ocrx_word' id='word_1_50' title='bbox 1740 317 1968 350; x_wconf 81' lang='lat' dir='ltr'>COMMUNES</span> 
     </span>
    </p>
   </div>
   <div class='ocr_carea' id='block_1_12' title="bbox 755 509 2415 2853">
    <p class='ocr_par' dir='ltr' id='par_1_12' title="bbox 755 509 2366 656">
     <span class='ocr_line' id='line_1_20' title="bbox 755 509 2366 550; baseline 0.002 -9"><span class='ocrx_word' id='word_1_51' title='bbox 755 511 856 550; x_wconf 86' lang='lat' dir='ltr'><strong>Papae</strong></span> <span class='ocrx_word' id='word_1_52' title='bbox 873 510 915 547; x_wconf 90' lang='lat' dir='ltr'><strong>V,</strong></span> <span class='ocrx_word' id='word_1_53' title='bbox 934 509 998 541; x_wconf 82' lang='lat' dir='ltr'><strong>sub</strong></span> <span class='ocrx_word' id='word_1_54' title='bbox 1018 518 1114 549; x_wconf 84' lang='lat' dir='ltr'>exsp.</span> <span class='ocrx_word' id='word_1_55' title='bbox 1138 509 1327 549; x_wconf 83' lang='lat' dir='ltr'><strong>praebendae</strong></span> <span class='ocrx_word' id='word_1_56' title='bbox 1345 509 1380 540; x_wconf 88' lang='lat' dir='ltr'><strong>in</strong></span> <span class='ocrx_word' id='word_1_57' title='bbox 1403 518 1475 540; x_wconf 89' lang='lat' dir='ltr'><strong>can.</strong></span> <span class='ocrx_word' id='word_1_58' title='bbox 1502 509 1548 540; x_wconf 80' lang='lat' dir='ltr'><strong>sit</strong></span> <span class='ocrx_word' id='word_1_59' title='bbox 1564 511 1733 550; x_wconf 80' lang='lat' dir='ltr'><strong>receptus.</strong></span> <span class='ocrx_word' id='word_1_60' title='bbox 1753 527 1790 533; x_wconf 88' lang='lat'><strong>—-</strong></span> <span class='ocrx_word' id='word_1_61' title='bbox 1808 509 1836 541; x_wconf 93' lang='grc' dir='ltr'><strong>Ι.</strong></span> <span class='ocrx_word' id='word_1_62' title='bbox 1856 518 1886 542; x_wconf 90' lang='lat' dir='ltr'><strong>e.</strong></span> <span class='ocrx_word' id='word_1_63' title='bbox 1905 519 1950 542; x_wconf 90' lang='lat' dir='ltr'><strong>m.</strong></span> <span class='ocrx_word' id='word_1_64' title='bbox 1970 510 2187 549; x_wconf 67' lang='lat' dir='ltr'><strong>Tirasonen„</strong></span> <span class='ocrx_word' id='word_1_65' title='bbox 2203 513 2236 543; x_wconf 82' lang='lat' dir='ltr'><strong>et</strong></span> <span class='ocrx_word' id='word_1_66' title='bbox 2253 520 2283 544; x_wconf 80' lang='lat' dir='ltr'><strong>s.</strong></span> <span class='ocrx_word' id='word_1_67' title='bbox 2298 512 2366 544; x_wconf 88' lang='lat' dir='ltr'><strong>En·</strong></span> 
     </span>
     <span class='ocr_line' id='line_1_21' title="bbox 755 562 2365 604; baseline 0.002 -10"><span class='ocrx_word' id='word_1_68' title='bbox 755 563 872 604; x_wconf 77' lang='lat' dir='ltr'><strong>gratiae</strong></span> <span class='ocrx_word' id='word_1_69' title='bbox 889 562 1010 594; x_wconf 86' lang='lat' dir='ltr'><strong>Oscen.</strong></span> <span class='ocrx_word' id='word_1_70' title='bbox 1028 572 1066 594; x_wconf 88' lang='lat' dir='ltr'><strong>ac</strong></span> <span class='ocrx_word' id='word_1_71' title='bbox 1083 563 1115 594; x_wconf 89' lang='lat' dir='ltr'><strong>S.</strong></span> <span class='ocrx_word' id='word_1_72' title='bbox 1134 563 1180 594; x_wconf 90' lang='lat' dir='ltr'><strong>M.</strong></span> <span class='ocrx_word' id='word_1_73' title='bbox 1197 563 1238 594; x_wconf 91' lang='lat' dir='ltr'><strong>de</strong></span> <span class='ocrx_word' id='word_1_74' title='bbox 1262 563 1349 594; x_wconf 83' lang='lat' dir='ltr'><strong>Mari</strong></span> <span class='ocrx_word' id='word_1_75' title='bbox 1371 562 1619 595; x_wconf 87' lang='lat' dir='ltr'><strong>Barchinonen.</strong></span> <span class='ocrx_word' id='word_1_76' title='bbox 1639 562 1801 595; x_wconf 86' lang='lat' dir='ltr'><strong>archid.is</strong></span> <span class='ocrx_word' id='word_1_77' title='bbox 1820 563 1901 596; x_wconf 88' lang='lat' dir='ltr'><strong>eccl.</strong></span> <span class='ocrx_word' id='word_1_78' title='bbox 1926 563 1981 603; x_wconf 87' lang='lat' dir='ltr'><strong>(A.</strong></span> <span class='ocrx_word' id='word_1_79' title='bbox 1997 566 2049 601; x_wconf 85' lang='grc'><strong>31,</strong></span> <span class='ocrx_word' id='word_1_80' title='bbox 2072 563 2097 596; x_wconf 83' lang='lat' dir='ltr'><strong>f.</strong></span> <span class='ocrx_word' id='word_1_81' title='bbox 2119 565 2177 597; x_wconf 76' lang='lat'><strong>351</strong></span> <span class='ocrx_word' id='word_1_82' title='bbox 2202 570 2230 602; x_wconf 67' lang='grc' dir='ltr'><strong>*ς</strong></span> <span class='ocrx_word' id='word_1_83' title='bbox 2256 564 2290 597; x_wconf 88' lang='lat' dir='ltr'><strong>V.</strong></span> <span class='ocrx_word' id='word_1_84' title='bbox 2311 566 2365 604; x_wconf 86' lang='grc'><strong>88,</strong></span> 
     </span>
     <span class='ocr_line' id='line_1_22' title="bbox 755 617 931 656; baseline -0.011 -8"><span class='ocrx_word' id='word_1_85' title='bbox 755 625 807 656; x_wconf 91' lang='lat' dir='ltr'><strong>ep.</strong></span> <span class='ocrx_word' id='word_1_86' title='bbox 826 617 931 654; x_wconf 83' lang='lat'>3307.)</span> 
     </span>
    </p>

    <p class='ocr_par' dir='ltr' id='par_1_13' title="bbox 755 666 2364 763">
     <span class='ocr_line' id='line_1_23' title="bbox 800 666 2364 710; baseline 0.004 -12"><span class='ocrx_word' id='word_1_87' title='bbox 800 666 939 699; x_wconf 71' lang='lat'>41242.</span> <span class='ocrx_word' id='word_1_88' title='bbox 956 687 995 692; x_wconf 95' lang='lat'><strong>--</strong></span> <span class='ocrx_word' id='word_1_89' title='bbox 1012 670 1097 710; x_wconf 72' lang='lat' dir='ltr'>May.</span> <span class='ocrx_word' id='word_1_90' title='bbox 1121 669 1252 710; x_wconf 73' lang='lat' dir='ltr'><strong>Huqom&#39;</strong></span> <span class='ocrx_word' id='word_1_91' title='bbox 1267 668 1304 699; x_wconf 87' lang='lat' dir='ltr'><strong>de</strong></span> <span class='ocrx_word' id='word_1_92' title='bbox 1321 668 1521 710; x_wconf 73' lang='lat' dir='ltr'><strong>Enqolisma,</strong></span> <span class='ocrx_word' id='word_1_93' title='bbox 1547 669 1767 701; x_wconf 76' lang='lat' dir='ltr'><strong>archidiacono</strong></span> <span class='ocrx_word' id='word_1_94' title='bbox 1786 669 2022 708; x_wconf 75' lang='lat' dir='ltr'><strong>cantuariensi,</strong></span> <span class='ocrx_word' id='word_1_95' title='bbox 2040 670 2186 703; x_wconf 76' lang='lat' dir='ltr'><strong>facultas</strong></span> <span class='ocrx_word' id='word_1_96' title='bbox 2202 672 2364 704; x_wconf 78' lang='lat' dir='ltr'><strong>testandi.</strong></span> 
     </span>
     <span class='ocr_line' id='line_1_24' title="bbox 755 717 1864 763; baseline 0.001 -10"><span class='ocrx_word' id='word_1_97' title='bbox 755 723 808 763; x_wconf 86' lang='lat' dir='ltr'><strong>(A.</strong></span> <span class='ocrx_word' id='word_1_98' title='bbox 825 723 834 743; x_wconf 89' lang='lat'>¹</span> <span class='ocrx_word' id='word_1_99' title='bbox 852 725 903 758; x_wconf 87' lang='lat'><strong>30,</strong></span> <span class='ocrx_word' id='word_1_100' title='bbox 923 723 946 754; x_wconf 89' lang='lat' dir='ltr'><strong>f.</strong></span> <span class='ocrx_word' id='word_1_101' title='bbox 963 724 1020 754; x_wconf 88' lang='lat'><strong>331</strong></span> <span class='ocrx_word' id='word_1_102' title='bbox 1039 723 1070 760; x_wconf 70' lang='grc'><strong>1»;</strong></span> <span class='ocrx_word' id='word_1_103' title='bbox 1096 722 1128 755; x_wconf 88' lang='lat' dir='ltr'><strong>V.</strong></span> <span class='ocrx_word' id='word_1_104' title='bbox 1144 724 1196 761; x_wconf 84' lang='lat'><strong>86,</strong></span> <span class='ocrx_word' id='word_1_105' title='bbox 1217 732 1269 762; x_wconf 87' lang='lat' dir='ltr'>ep.</span> <span class='ocrx_word' id='word_1_106' title='bbox 1286 725 1366 755; x_wconf 78' lang='lat'><strong>1763</strong></span> <span class='ocrx_word' id='word_1_107' title='bbox 1383 724 1439 763; x_wconf 84' lang='lat' dir='ltr'><strong>A.)</strong></span> <span class='ocrx_word' id='word_1_108' title='bbox 1855 717 1864 724; x_wconf 87' lang='lat'><strong>‘</strong></span> 
     </span>
    </p>

    <p class='ocr_par' dir='ltr' id='par_1_14' title="bbox 755 773 2367 923">
     <span class='ocr_line' id='line_1_25' title="bbox 801 773 2367 818; baseline 0.004 -13"><span class='ocrx_word' id='word_1_109' title='bbox 801 773 938 806; x_wconf 75' lang='lat'>41243.</span> <span class='ocrx_word' id='word_1_110' title='bbox 955 795 993 800; x_wconf 87' lang='lat'><em>-</em></span> <span class='ocrx_word' id='word_1_111' title='bbox 1007 776 1120 807; x_wconf 80' lang='lat' dir='ltr'><em>Eidem</em></span> <span class='ocrx_word' id='word_1_112' title='bbox 1136 777 1307 807; x_wconf 85' lang='lat' dir='ltr'><strong>indultum</strong></span> <span class='ocrx_word' id='word_1_113' title='bbox 1321 778 1356 807; x_wconf 89' lang='lat' dir='ltr'><strong>ut</strong></span> <span class='ocrx_word' id='word_1_114' title='bbox 1368 777 1543 808; x_wconf 86' lang='lat' dir='ltr'><strong>confessor</strong></span> <span class='ocrx_word' id='word_1_115' title='bbox 1555 776 1633 816; x_wconf 88' lang='lat' dir='ltr'><strong>ipsi,</strong></span> <span class='ocrx_word' id='word_1_116' title='bbox 1650 777 1768 813; x_wconf 88' lang='lat' dir='ltr'><strong>semel,</strong></span> <span class='ocrx_word' id='word_1_117' title='bbox 1784 777 1819 808; x_wconf 91' lang='lat' dir='ltr'><strong>in</strong></span> <span class='ocrx_word' id='word_1_118' title='bbox 1832 777 1955 809; x_wconf 85' lang='lat' dir='ltr'><strong>mortis</strong></span> <span class='ocrx_word' id='word_1_119' title='bbox 1969 777 2134 818; x_wconf 84' lang='lat' dir='ltr'><strong>periculo,</strong></span> <span class='ocrx_word' id='word_1_120' title='bbox 2149 779 2367 818; x_wconf 81' lang='lat' dir='ltr'><strong>peccatorum</strong></span> 
     </span>
     <span class='ocr_line' id='line_1_26' title="bbox 755 830 2366 871; baseline 0.002 -10"><span class='ocrx_word' id='word_1_121' title='bbox 755 839 895 862; x_wconf 88' lang='lat' dir='ltr'><strong>suorum</strong></span> <span class='ocrx_word' id='word_1_122' title='bbox 921 830 1076 862; x_wconf 85' lang='lat' dir='ltr'><strong>omnium</strong></span> <span class='ocrx_word' id='word_1_123' title='bbox 1094 830 1231 870; x_wconf 83' lang='lat' dir='ltr'><strong>plenam</strong></span> <span class='ocrx_word' id='word_1_124' title='bbox 1255 830 1496 862; x_wconf 88' lang='lat' dir='ltr'><strong>remissionem</strong></span> <span class='ocrx_word' id='word_1_125' title='bbox 1519 830 1703 862; x_wconf 82' lang='lat' dir='ltr'><strong>concedere</strong></span> <span class='ocrx_word' id='word_1_126' title='bbox 1720 830 1843 862; x_wconf 83' lang='lat' dir='ltr'><strong>valeat.</strong></span> <span class='ocrx_word' id='word_1_127' title='bbox 1870 831 1924 870; x_wconf 91' lang='lat' dir='ltr'><strong>(A.</strong></span> <span class='ocrx_word' id='word_1_128' title='bbox 1949 831 1961 852; x_wconf 81' lang='lat'><strong>¹</strong></span> <span class='ocrx_word' id='word_1_129' title='bbox 1982 832 2034 869; x_wconf 85' lang='lat'><strong>30,</strong></span> <span class='ocrx_word' id='word_1_130' title='bbox 2057 831 2081 863; x_wconf 83' lang='lat' dir='ltr'><strong>f.</strong></span> <span class='ocrx_word' id='word_1_131' title='bbox 2105 833 2167 864; x_wconf 74' lang='lat'><strong>340</strong></span> <span class='ocrx_word' id='word_1_132' title='bbox 2189 831 2223 869; x_wconf 74' lang='lat'><strong>¹³3</strong></span> <span class='ocrx_word' id='word_1_133' title='bbox 2253 831 2291 864; x_wconf 90' lang='lat' dir='ltr'><strong>V.</strong></span> <span class='ocrx_word' id='word_1_134' title='bbox 2312 833 2366 871; x_wconf 82' lang='lat'><strong>86,</strong></span> 
     </span>
     <span class='ocr_line' id='line_1_27' title="bbox 755 884 975 923; baseline 0.005 -9"><span class='ocrx_word' id='word_1_135' title='bbox 755 892 808 923; x_wconf 87' lang='lat' dir='ltr'><strong>ep.</strong></span> <span class='ocrx_word' id='word_1_136' title='bbox 829 885 907 915; x_wconf 86' lang='lat'><strong>1763</strong></span> <span class='ocrx_word' id='word_1_137' title='bbox 921 884 975 922; x_wconf 94' lang='grc' dir='ltr'><strong>Β.)</strong></span> 
     </span>
    </p>

    <p class='ocr_par' dir='ltr' id='par_1_15' title="bbox 755 934 2386 1192">
     <span class='ocr_line' id='line_1_28' title="bbox 800 934 2367 978; baseline 0.003 -12"><span class='ocrx_word' id='word_1_138' title='bbox 800 934 937 966; x_wconf 75' lang='grc'><strong>41244.</strong></span> <span class='ocrx_word' id='word_1_139' title='bbox 956 955 994 960; x_wconf 89' lang='lat'><em>-</em></span> <span class='ocrx_word' id='word_1_140' title='bbox 1012 937 1097 977; x_wconf 83' lang='lat' dir='ltr'>Ep.o</span> <span class='ocrx_word' id='word_1_141' title='bbox 1115 937 1345 978; x_wconf 76' lang='lat' dir='ltr'><strong>Razeburqensi</strong></span> <span class='ocrx_word' id='word_1_142' title='bbox 1353 938 1464 969; x_wconf 87' lang='lat' dir='ltr'><strong>mand.</strong></span> <span class='ocrx_word' id='word_1_143' title='bbox 1483 939 1520 969; x_wconf 93' lang='lat' dir='ltr'><strong>ut</strong></span> <span class='ocrx_word' id='word_1_144' title='bbox 1538 938 1715 969; x_wconf 89' lang='lat' dir='ltr'><strong>confirmet</strong></span> <span class='ocrx_word' id='word_1_145' title='bbox 1729 938 1948 970; x_wconf 86' lang='lat' dir='ltr'><strong>collationem</strong></span> <span class='ocrx_word' id='word_1_146' title='bbox 1965 938 2152 970; x_wconf 83' lang='lat' dir='ltr'><strong>scolastriae</strong></span> <span class='ocrx_word' id='word_1_147' title='bbox 2169 947 2198 970; x_wconf 84' lang='lat' dir='ltr'><strong>s.</strong></span> <span class='ocrx_word' id='word_1_148' title='bbox 2217 947 2247 970; x_wconf 87' lang='lat' dir='ltr'><strong>c.</strong></span> <span class='ocrx_word' id='word_1_149' title='bbox 2263 938 2367 972; x_wconf 81' lang='lat' dir='ltr'><strong>eccle-</strong></span> 
     </span>
     <span class='ocr_line' id='line_1_29' title="bbox 755 990 2386 1038; baseline 0.002 -16"><span class='ocrx_word' id='word_1_150' title='bbox 755 991 815 1022; x_wconf 86' lang='lat' dir='ltr'><strong>siae</strong></span> <span class='ocrx_word' id='word_1_151' title='bbox 840 990 1000 1022; x_wconf 88' lang='lat' dir='ltr'><strong>Lubioen.</strong></span> <span class='ocrx_word' id='word_1_152' title='bbox 1031 1000 1050 1022; x_wconf 90' lang='lat' dir='ltr'><strong>a</strong></span> <span class='ocrx_word' id='word_1_153' title='bbox 1072 991 1103 1022; x_wconf 89' lang='lat' dir='ltr'><strong>b.</strong></span> <span class='ocrx_word' id='word_1_154' title='bbox 1130 1000 1175 1021; x_wconf 89' lang='lat' dir='ltr'><strong>m.</strong></span> <span class='ocrx_word' id='word_1_155' title='bbox 1199 991 1405 1029; x_wconf 84' lang='lat' dir='ltr'><strong>Borchardo‚</strong></span> <span class='ocrx_word' id='word_1_156' title='bbox 1426 1000 1503 1031; x_wconf 88' lang='lat' dir='ltr'><strong>ep.o</strong></span> <span class='ocrx_word' id='word_1_157' title='bbox 1525 991 1700 1030; x_wconf 63' lang='lat' dir='ltr'><strong>Lubicen„</strong></span> <span class='ocrx_word' id='word_1_158' title='bbox 1723 993 1802 1031; x_wconf 87' lang='lat' dir='ltr'><strong>post</strong></span> <span class='ocrx_word' id='word_1_159' title='bbox 1827 991 1957 1023; x_wconf 75' lang='lat' dir='ltr'><strong>obItum</strong></span> <span class='ocrx_word' id='word_1_160' title='bbox 1981 1000 2070 1033; x_wconf 83' lang='lat' dir='ltr'><strong>mag.</strong></span> <span class='ocrx_word' id='word_1_161' title='bbox 2093 991 2295 1025; x_wconf 85' lang='lat' dir='ltr'><strong>Helimherti</strong></span> <span class='ocrx_word' id='word_1_162' title='bbox 2325 993 2386 1038; x_wconf 34' lang='lat' dir='ltr'><strong>de·</strong></span> 
     </span>
     <span class='ocr_line' id='line_1_30' title="bbox 756 1044 2368 1086; baseline 0.001 -10"><span class='ocrx_word' id='word_1_163' title='bbox 756 1045 898 1077; x_wconf 89' lang='lat' dir='ltr'><strong>Serkem</strong></span> <span class='ocrx_word' id='word_1_164' title='bbox 916 1044 1039 1075; x_wconf 84' lang='lat' dir='ltr'><strong>factam</strong></span> <span class='ocrx_word' id='word_1_165' title='bbox 1058 1044 1175 1076; x_wconf 86' lang='lat' dir='ltr'><strong>favore</strong></span> <span class='ocrx_word' id='word_1_166' title='bbox 1190 1045 1333 1076; x_wconf 87' lang='lat' dir='ltr'><strong>Joannis</strong></span> <span class='ocrx_word' id='word_1_167' title='bbox 1349 1045 1389 1076; x_wconf 87' lang='lat' dir='ltr'><strong>de</strong></span> <span class='ocrx_word' id='word_1_168' title='bbox 1405 1044 1490 1082; x_wconf 88' lang='lat' dir='ltr'><strong>Mul,</strong></span> <span class='ocrx_word' id='word_1_169' title='bbox 1509 1045 1568 1084; x_wconf 89' lang='lat' dir='ltr'><strong>qui</strong></span> <span class='ocrx_word' id='word_1_170' title='bbox 1586 1047 1667 1076; x_wconf 84' lang='lat' dir='ltr'><strong>tunc</strong></span> <span class='ocrx_word' id='word_1_171' title='bbox 1682 1046 1722 1076; x_wconf 76' lang='lat'><strong>23</strong></span> <span class='ocrx_word' id='word_1_172' title='bbox 1740 1054 1866 1076; x_wconf 91' lang='lat' dir='ltr'><strong>annum</strong></span> <span class='ocrx_word' id='word_1_173' title='bbox 1882 1045 2060 1077; x_wconf 79' lang='lat' dir='ltr'><strong>dumtaxat</strong></span> <span class='ocrx_word' id='word_1_174' title='bbox 2075 1046 2315 1086; x_wconf 82' lang='lat' dir='ltr'><strong>compleverat,</strong></span> <span class='ocrx_word' id='word_1_175' title='bbox 2333 1047 2368 1079; x_wconf 78' lang='lat' dir='ltr'><strong>et</strong></span> 
     </span>
     <span class='ocr_line' id='line_1_31' title="bbox 755 1097 2370 1139; baseline 0.002 -11"><span class='ocrx_word' id='word_1_176' title='bbox 755 1097 1011 1138; x_wconf 83' lang='lat' dir='ltr'><strong>dispensatione</strong></span> <span class='ocrx_word' id='word_1_177' title='bbox 1037 1107 1139 1138; x_wconf 86' lang='lat' dir='ltr'><strong>super</strong></span> <span class='ocrx_word' id='word_1_178' title='bbox 1154 1098 1288 1129; x_wconf 79' lang='lat' dir='ltr'><strong>defectu</strong></span> <span class='ocrx_word' id='word_1_179' title='bbox 1314 1098 1425 1130; x_wconf 83' lang='lat' dir='ltr'><strong>aetatis</strong></span> <span class='ocrx_word' id='word_1_180' title='bbox 1448 1099 1560 1130; x_wconf 89' lang='lat' dir='ltr'><strong>eidem</strong></span> <span class='ocrx_word' id='word_1_181' title='bbox 1583 1107 1756 1135; x_wconf 85' lang='lat' dir='ltr'><strong>concessa,</strong></span> <span class='ocrx_word' id='word_1_182' title='bbox 1773 1107 1943 1130; x_wconf 84' lang='lat' dir='ltr'><strong>consensu</strong></span> <span class='ocrx_word' id='word_1_183' title='bbox 1959 1099 2102 1139; x_wconf 87' lang='lat' dir='ltr'><strong>capituli</strong></span> <span class='ocrx_word' id='word_1_184' title='bbox 2114 1099 2211 1131; x_wconf 86' lang='lat' dir='ltr'><strong>diotae</strong></span> <span class='ocrx_word' id='word_1_185' title='bbox 2227 1099 2310 1132; x_wconf 85' lang='lat' dir='ltr'><strong>eccl.</strong></span> <span class='ocrx_word' id='word_1_186' title='bbox 2325 1099 2370 1132; x_wconf 78' lang='lat' dir='ltr'><strong>ad</strong></span> 
     </span>
     <span class='ocr_line' id='line_1_32' title="bbox 755 1151 1797 1192; baseline 0.002 -10"><span class='ocrx_word' id='word_1_187' title='bbox 755 1151 817 1183; x_wconf 88' lang='lat' dir='ltr'><strong>hoc</strong></span> <span class='ocrx_word' id='word_1_188' title='bbox 832 1151 975 1183; x_wconf 87' lang='lat' dir='ltr'><strong>minime</strong></span> <span class='ocrx_word' id='word_1_189' title='bbox 988 1151 1166 1191; x_wconf 86' lang='lat' dir='ltr'><strong>requisito.</strong></span> <span class='ocrx_word' id='word_1_190' title='bbox 1186 1151 1239 1191; x_wconf 89' lang='lat' dir='ltr'><strong>(A.</strong></span> <span class='ocrx_word' id='word_1_191' title='bbox 1253 1153 1305 1186; x_wconf 88' lang='grc'><strong>30,</strong></span> <span class='ocrx_word' id='word_1_192' title='bbox 1322 1152 1345 1182; x_wconf 88' lang='lat' dir='ltr'><strong>f.</strong></span> <span class='ocrx_word' id='word_1_193' title='bbox 1362 1153 1424 1183; x_wconf 77' lang='grc'><strong>400</strong></span> <span class='ocrx_word' id='word_1_194' title='bbox 1441 1152 1469 1189; x_wconf 78' lang='lat'><strong>¹³3</strong></span> <span class='ocrx_word' id='word_1_195' title='bbox 1495 1152 1530 1183; x_wconf 89' lang='lat' dir='ltr'><strong>V.</strong></span> <span class='ocrx_word' id='word_1_196' title='bbox 1546 1153 1596 1189; x_wconf 86' lang='lat'><strong>86,</strong></span> <span class='ocrx_word' id='word_1_197' title='bbox 1618 1161 1671 1192; x_wconf 92' lang='lat' dir='ltr'><strong>ep.</strong></span> <span class='ocrx_word' id='word_1_198' title='bbox 1690 1151 1797 1192; x_wconf 86' lang='grc'><strong>1911.)</strong></span> 
     </span>
    </p>

    <p class='ocr_par' dir='ltr' id='par_1_16' title="bbox 756 1202 2370 1352">
     <span class='ocr_line' id='line_1_33' title="bbox 801 1202 2370 1247; baseline 0.003 -13"><span class='ocrx_word' id='word_1_199' title='bbox 801 1202 940 1235; x_wconf 79' lang='grc'><strong>41245.</strong></span> <span class='ocrx_word' id='word_1_200' title='bbox 959 1222 998 1227; x_wconf 87' lang='lat'><strong>—-</strong></span> <span class='ocrx_word' id='word_1_201' title='bbox 1014 1204 1191 1243; x_wconf 81' lang='lat' dir='ltr'><strong>Bernardo,</strong></span> <span class='ocrx_word' id='word_1_202' title='bbox 1216 1215 1288 1246; x_wconf 84' lang='lat' dir='ltr'><strong>ep.o</strong></span> <span class='ocrx_word' id='word_1_203' title='bbox 1311 1205 1460 1246; x_wconf 78' lang='lat' dir='ltr'><strong>Aquensi,</strong></span> <span class='ocrx_word' id='word_1_204' title='bbox 1488 1206 1644 1244; x_wconf 80' lang='lat' dir='ltr'><strong>facultas,</strong></span> <span class='ocrx_word' id='word_1_205' title='bbox 1671 1206 1713 1237; x_wconf 89' lang='lat' dir='ltr'><strong>ad</strong></span> <span class='ocrx_word' id='word_1_206' title='bbox 1731 1206 2015 1246; x_wconf 85' lang='lat' dir='ltr'><strong>quinquennium,</strong></span> <span class='ocrx_word' id='word_1_207' title='bbox 2042 1205 2286 1238; x_wconf 82' lang='lat' dir='ltr'><strong>reconciliandi</strong></span> <span class='ocrx_word' id='word_1_208' title='bbox 2309 1214 2370 1247; x_wconf 84' lang='lat' dir='ltr'><strong>per</strong></span> 
     </span>
     <span class='ocr_line' id='line_1_34' title="bbox 756 1258 2366 1300; baseline 0.002 -11"><span class='ocrx_word' id='word_1_209' title='bbox 756 1259 863 1290; x_wconf 88' lang='lat' dir='ltr'><strong>alium</strong></span> <span class='ocrx_word' id='word_1_210' title='bbox 880 1258 1042 1289; x_wconf 88' lang='lat' dir='ltr'><strong>ecclesias</strong></span> <span class='ocrx_word' id='word_1_211' title='bbox 1057 1260 1090 1290; x_wconf 78' lang='lat' dir='ltr'><strong>et</strong></span> <span class='ocrx_word' id='word_1_212' title='bbox 1106 1259 1297 1290; x_wconf 86' lang='lat' dir='ltr'><strong>oaemeteria</strong></span> <span class='ocrx_word' id='word_1_213' title='bbox 1314 1259 1442 1291; x_wconf 87' lang='lat' dir='ltr'><strong>violata</strong></span> <span class='ocrx_word' id='word_1_214' title='bbox 1466 1268 1608 1290; x_wconf 89' lang='lat' dir='ltr'><strong>suarum</strong></span> <span class='ocrx_word' id='word_1_215' title='bbox 1627 1259 1778 1291; x_wconf 82' lang='lat' dir='ltr'><strong>civitatis</strong></span> <span class='ocrx_word' id='word_1_216' title='bbox 1801 1261 1834 1291; x_wconf 86' lang='lat' dir='ltr'><strong>et</strong></span> <span class='ocrx_word' id='word_1_217' title='bbox 1853 1259 1899 1291; x_wconf 90' lang='lat' dir='ltr'>di.</span> <span class='ocrx_word' id='word_1_218' title='bbox 1918 1259 1974 1300; x_wconf 88' lang='lat' dir='ltr'><strong>(A.</strong></span> <span class='ocrx_word' id='word_1_219' title='bbox 1992 1261 2043 1298; x_wconf 88' lang='grc'><strong>30,</strong></span> <span class='ocrx_word' id='word_1_220' title='bbox 2061 1259 2084 1291; x_wconf 87' lang='lat' dir='ltr'><strong>f.</strong></span> <span class='ocrx_word' id='word_1_221' title='bbox 2102 1260 2163 1292; x_wconf 75' lang='lat'><strong>413</strong></span> <span class='ocrx_word' id='word_1_222' title='bbox 2186 1259 2219 1297; x_wconf 59' lang='grc' dir='ltr'><strong>ὓς</strong></span> <span class='ocrx_word' id='word_1_223' title='bbox 2251 1259 2287 1292; x_wconf 88' lang='lat' dir='ltr'><strong>V.</strong></span> <span class='ocrx_word' id='word_1_224' title='bbox 2313 1261 2366 1298; x_wconf 81' lang='lat'><strong>86,</strong></span> 
     </span>
     <span class='ocr_line' id='line_1_35' title="bbox 756 1312 934 1352; baseline -0.006 -9"><span class='ocrx_word' id='word_1_225' title='bbox 756 1321 809 1352; x_wconf 89' lang='lat' dir='ltr'><strong>ep.</strong></span> <span class='ocrx_word' id='word_1_226' title='bbox 831 1312 934 1350; x_wconf 75' lang='grc'><strong>1940.)</strong></span> 
     </span>
    </p>

    <p class='ocr_par' dir='ltr' id='par_1_17' title="bbox 757 1362 2372 1674">
     <span class='ocr_line' id='line_1_36' title="bbox 801 1362 2371 1409; baseline 0.003 -15"><span class='ocrx_word' id='word_1_227' title='bbox 801 1362 939 1396; x_wconf 75' lang='lat'>41246.</span> <span class='ocrx_word' id='word_1_228' title='bbox 962 1383 1001 1388; x_wconf 90' lang='lat'><strong>—</strong></span> <span class='ocrx_word' id='word_1_229' title='bbox 1026 1365 1203 1404; x_wconf 84' lang='lat' dir='ltr'><strong>Bernardo,</strong></span> <span class='ocrx_word' id='word_1_230' title='bbox 1228 1375 1300 1407; x_wconf 81' lang='lat' dir='ltr'><strong>ep.o</strong></span> <span class='ocrx_word' id='word_1_231' title='bbox 1325 1366 1474 1407; x_wconf 77' lang='lat' dir='ltr'><strong>Aquensi,</strong></span> <span class='ocrx_word' id='word_1_232' title='bbox 1502 1365 1663 1397; x_wconf 77' lang='lat' dir='ltr'><strong>Guillelmi</strong></span> <span class='ocrx_word' id='word_1_233' title='bbox 1681 1367 1747 1408; x_wconf 84' lang='lat' dir='ltr'>ep.i</span> <span class='ocrx_word' id='word_1_234' title='bbox 1769 1366 1916 1398; x_wconf 83' lang='lat' dir='ltr'><strong>Sabinen.</strong></span> <span class='ocrx_word' id='word_1_235' title='bbox 1941 1367 2060 1409; x_wconf 82' lang='lat' dir='ltr'><strong><em>nepoti,</em></strong></span> <span class='ocrx_word' id='word_1_236' title='bbox 2086 1367 2317 1399; x_wconf 81' lang='lat' dir='ltr'><strong>conceduntur</strong></span> <span class='ocrx_word' id='word_1_237' title='bbox 2337 1368 2371 1400; x_wconf 76' lang='lat' dir='ltr'><strong>et</strong></span> 
     </span>
     <span class='ocr_line' id='line_1_37' title="bbox 757 1416 2372 1466; baseline 0.002 -16"><span class='ocrx_word' id='word_1_238' title='bbox 757 1416 924 1451; x_wconf 84' lang='lat' dir='ltr'><strong>donantur</strong></span> <span class='ocrx_word' id='word_1_239' title='bbox 937 1419 1029 1459; x_wconf 85' lang='lat' dir='ltr'><strong>libri,</strong></span> <span class='ocrx_word' id='word_1_240' title='bbox 1047 1428 1128 1451; x_wconf 87' lang='lat' dir='ltr'><strong>vasa</strong></span> <span class='ocrx_word' id='word_1_241' title='bbox 1141 1422 1300 1460; x_wconf 87' lang='lat' dir='ltr'><strong>argentea</strong></span> <span class='ocrx_word' id='word_1_242' title='bbox 1314 1421 1347 1451; x_wconf 84' lang='lat' dir='ltr'><strong>et</strong></span> <span class='ocrx_word' id='word_1_243' title='bbox 1364 1420 1432 1451; x_wconf 86' lang='lat' dir='ltr'><strong>alia</strong></span> <span class='ocrx_word' id='word_1_244' title='bbox 1445 1422 1643 1451; x_wconf 84' lang='lat' dir='ltr'><strong>ornamenta</strong></span> <span class='ocrx_word' id='word_1_245' title='bbox 1656 1420 1896 1456; x_wconf 85' lang='lat' dir='ltr'><strong>ecclesiastica,</strong></span> <span class='ocrx_word' id='word_1_246' title='bbox 1913 1429 2136 1466; x_wconf 49' lang='lat' dir='ltr'><strong>quaecumque</strong></span> <span class='ocrx_word' id='word_1_247' title='bbox 2149 1422 2182 1452; x_wconf 88' lang='lat' dir='ltr'><strong>et</strong></span> <span class='ocrx_word' id='word_1_248' title='bbox 2195 1422 2372 1461; x_wconf 76' lang='lat' dir='ltr'><strong>quotcum-</strong></span> 
     </span>
     <span class='ocr_line' id='line_1_38' title="bbox 757 1473 2370 1514; baseline 0.001 -10"><span class='ocrx_word' id='word_1_249' title='bbox 757 1482 822 1512; x_wconf 85' lang='lat' dir='ltr'><strong>que</strong></span> <span class='ocrx_word' id='word_1_250' title='bbox 847 1473 987 1510; x_wconf 82' lang='lat' dir='ltr'><strong>fuerint,</strong></span> <span class='ocrx_word' id='word_1_251' title='bbox 1010 1481 1152 1513; x_wconf 86' lang='lat' dir='ltr'><strong>quaeque</strong></span> <span class='ocrx_word' id='word_1_252' title='bbox 1175 1475 1327 1513; x_wconf 74' lang='lat' dir='ltr'><strong>ternpore</strong></span> <span class='ocrx_word' id='word_1_253' title='bbox 1353 1473 1407 1504; x_wconf 90' lang='lat' dir='ltr'><strong>sui</strong></span> <span class='ocrx_word' id='word_1_254' title='bbox 1429 1473 1543 1505; x_wconf 88' lang='lat' dir='ltr'><strong>obitus</strong></span> <span class='ocrx_word' id='word_1_255' title='bbox 1564 1473 1709 1506; x_wconf 84' lang='lat' dir='ltr'><strong>habebat</strong></span> <span class='ocrx_word' id='word_1_256' title='bbox 1731 1474 1885 1510; x_wconf 86' lang='lat' dir='ltr'><strong>Garoias,</strong></span> <span class='ocrx_word' id='word_1_257' title='bbox 1908 1482 2008 1514; x_wconf 86' lang='lat' dir='ltr'><strong>ep.us</strong></span> <span class='ocrx_word' id='word_1_258' title='bbox 2032 1474 2218 1514; x_wconf 86' lang='lat' dir='ltr'>Aquensis,</span> <span class='ocrx_word' id='word_1_259' title='bbox 2242 1473 2370 1514; x_wconf 82' lang='lat' dir='ltr'><strong>praede·</strong></span> 
     </span>
     <span class='ocr_line' id='line_1_39' title="bbox 757 1526 2371 1568; baseline 0.002 -11"><span class='ocrx_word' id='word_1_260' title='bbox 757 1535 872 1557; x_wconf 89' lang='lat' dir='ltr'><strong>cessor</strong></span> <span class='ocrx_word' id='word_1_261' title='bbox 890 1526 976 1566; x_wconf 88' lang='lat' dir='ltr'><strong>ejus,</strong></span> <span class='ocrx_word' id='word_1_262' title='bbox 993 1526 1091 1566; x_wconf 85' lang='lat' dir='ltr'><strong>cujus</strong></span> <span class='ocrx_word' id='word_1_263' title='bbox 1107 1535 1162 1558; x_wconf 87' lang='lat' dir='ltr'><strong>res</strong></span> <span class='ocrx_word' id='word_1_264' title='bbox 1185 1528 1217 1558; x_wconf 85' lang='lat' dir='ltr'><strong>et</strong></span> <span class='ocrx_word' id='word_1_265' title='bbox 1237 1526 1326 1557; x_wconf 86' lang='lat' dir='ltr'><strong>bona</strong></span> <span class='ocrx_word' id='word_1_266' title='bbox 1344 1526 1438 1567; x_wconf 86' lang='lat' dir='ltr'><strong>Papa</strong></span> <span class='ocrx_word' id='word_1_267' title='bbox 1462 1527 1682 1566; x_wconf 80' lang='lat' dir='ltr'>dispositioni</span> <span class='ocrx_word' id='word_1_268' title='bbox 1700 1536 1770 1559; x_wconf 85' lang='lat' dir='ltr'><strong>suae</strong></span> <span class='ocrx_word' id='word_1_269' title='bbox 1786 1529 2030 1559; x_wconf 83' lang='lat' dir='ltr'>reservaverat.</span> <span class='ocrx_word' id='word_1_270' title='bbox 2049 1545 2088 1550; x_wconf 94' lang='lat'>—</span> <span class='ocrx_word' id='word_1_271' title='bbox 2103 1527 2131 1559; x_wconf 93' lang='grc' dir='ltr'><strong>Ι.</strong></span> <span class='ocrx_word' id='word_1_272' title='bbox 2156 1536 2185 1559; x_wconf 91' lang='lat' dir='ltr'><strong>e.</strong></span> <span class='ocrx_word' id='word_1_273' title='bbox 2205 1536 2249 1559; x_wconf 90' lang='lat' dir='ltr'><strong>m.</strong></span> <span class='ocrx_word' id='word_1_274' title='bbox 2270 1527 2371 1568; x_wconf 79' lang='lat' dir='ltr'><strong>Bajo-</strong></span> 
     </span>
     <span class='ocr_line' id='line_1_40' title="bbox 757 1579 2370 1620; baseline 0.001 -10"><span class='ocrx_word' id='word_1_275' title='bbox 757 1588 834 1610; x_wconf 90' lang='lat' dir='ltr'><strong>nen.</strong></span> <span class='ocrx_word' id='word_1_276' title='bbox 849 1581 881 1610; x_wconf 87' lang='lat' dir='ltr'><strong>et</strong></span> <span class='ocrx_word' id='word_1_277' title='bbox 897 1579 1047 1611; x_wconf 85' lang='lat' dir='ltr'><strong>Aduren.</strong></span> <span class='ocrx_word' id='word_1_278' title='bbox 1063 1580 1162 1619; x_wconf 64' lang='lat' dir='ltr'><strong>epis,</strong></span> <span class='ocrx_word' id='word_1_279' title='bbox 1180 1589 1217 1611; x_wconf 88' lang='lat' dir='ltr'><strong>ac</strong></span> <span class='ocrx_word' id='word_1_280' title='bbox 1234 1580 1420 1611; x_wconf 82' lang='lat' dir='ltr'><strong>Bertrando</strong></span> <span class='ocrx_word' id='word_1_281' title='bbox 1437 1581 1477 1611; x_wconf 89' lang='lat' dir='ltr'><strong>de</strong></span> <span class='ocrx_word' id='word_1_282' title='bbox 1492 1589 1519 1612; x_wconf 86' lang='lat' dir='ltr'><strong>s.</strong></span> <span class='ocrx_word' id='word_1_283' title='bbox 1537 1580 1694 1618; x_wconf 87' lang='lat' dir='ltr'><strong>Genesio,</strong></span> <span class='ocrx_word' id='word_1_284' title='bbox 1708 1581 1835 1612; x_wconf 89' lang='lat' dir='ltr'><strong>decano</strong></span> <span class='ocrx_word' id='word_1_285' title='bbox 1851 1580 1932 1612; x_wconf 85' lang='lat' dir='ltr'><strong>eccl.</strong></span> <span class='ocrx_word' id='word_1_286' title='bbox 1949 1580 2235 1620; x_wconf 85' lang='lat' dir='ltr'><strong>Engolismensis.</strong></span> <span class='ocrx_word' id='word_1_287' title='bbox 2252 1581 2305 1620; x_wconf 87' lang='lat' dir='ltr'><strong>(A.</strong></span> <span class='ocrx_word' id='word_1_288' title='bbox 2317 1581 2370 1618; x_wconf 83' lang='lat'><strong>3⁰,</strong></span> 
     </span>
     <span class='ocr_line' id='line_1_41' title="bbox 757 1632 1227 1674; baseline 0 -11"><span class='ocrx_word' id='word_1_289' title='bbox 757 1632 782 1664; x_wconf 91' lang='lat' dir='ltr'><strong>f.</strong></span> <span class='ocrx_word' id='word_1_290' title='bbox 795 1635 855 1664; x_wconf 74' lang='grc'><strong>417</strong></span> <span class='ocrx_word' id='word_1_291' title='bbox 873 1638 904 1670; x_wconf 74' lang='lat'><strong>³;</strong></span> <span class='ocrx_word' id='word_1_292' title='bbox 930 1633 965 1664; x_wconf 93' lang='lat' dir='ltr'><strong>V.</strong></span> <span class='ocrx_word' id='word_1_293' title='bbox 983 1634 1033 1671; x_wconf 84' lang='lat'><strong>86,</strong></span> <span class='ocrx_word' id='word_1_294' title='bbox 1052 1642 1104 1673; x_wconf 91' lang='lat' dir='ltr'><strong>ep.</strong></span> <span class='ocrx_word' id='word_1_295' title='bbox 1123 1633 1227 1674; x_wconf 74' lang='grc'><strong>1941.)</strong></span> 
     </span>
    </p>

    <p class='ocr_par' dir='ltr' id='par_1_18' title="bbox 755 1684 2374 2050">
     <span class='ocr_line' id='line_1_42' title="bbox 802 1684 2371 1728; baseline 0.001 -12"><span class='ocrx_word' id='word_1_296' title='bbox 802 1684 942 1716; x_wconf 76' lang='lat'>41247.</span> <span class='ocrx_word' id='word_1_297' title='bbox 962 1704 1000 1709; x_wconf 93' lang='lat'><strong>—</strong></span> <span class='ocrx_word' id='word_1_298' title='bbox 1017 1687 1134 1718; x_wconf 84' lang='lat' dir='ltr'><strong>Joanni</strong></span> <span class='ocrx_word' id='word_1_299' title='bbox 1149 1687 1184 1717; x_wconf 83' lang='lat' dir='ltr'><strong>de</strong></span> <span class='ocrx_word' id='word_1_300' title='bbox 1201 1687 1406 1726; x_wconf 84' lang='lat' dir='ltr'><strong>Sceverstene,</strong></span> <span class='ocrx_word' id='word_1_301' title='bbox 1424 1687 1461 1718; x_wconf 86' lang='lat' dir='ltr'><strong>de</strong></span> <span class='ocrx_word' id='word_1_302' title='bbox 1475 1687 1585 1724; x_wconf 81' lang='lat' dir='ltr'><strong>Lewis,</strong></span> <span class='ocrx_word' id='word_1_303' title='bbox 1603 1687 1714 1724; x_wconf 73' lang='lat' dir='ltr'><strong>clerico</strong></span> <span class='ocrx_word' id='word_1_304' title='bbox 1730 1687 1874 1719; x_wconf 81' lang='lat' dir='ltr'><strong>Leodien.</strong></span> <span class='ocrx_word' id='word_1_305' title='bbox 1891 1687 1950 1724; x_wconf 71' lang='lat' dir='ltr'><strong>di„</strong></span> <span class='ocrx_word' id='word_1_306' title='bbox 1965 1687 2125 1719; x_wconf 81' lang='lat' dir='ltr'><strong>licentiato</strong></span> <span class='ocrx_word' id='word_1_307' title='bbox 2141 1688 2174 1719; x_wconf 86' lang='lat' dir='ltr'><strong>in</strong></span> <span class='ocrx_word' id='word_1_308' title='bbox 2186 1687 2262 1728; x_wconf 81' lang='lat' dir='ltr'><strong>jure</strong></span> <span class='ocrx_word' id='word_1_309' title='bbox 2277 1697 2371 1719; x_wconf 80' lang='lat' dir='ltr'><strong>cano-</strong></span> 
     </span>
     <span class='ocr_line' id='line_1_43' title="bbox 758 1740 2370 1780; baseline 0.002 -10"><span class='ocrx_word' id='word_1_310' title='bbox 758 1740 839 1777; x_wconf 80' lang='lat' dir='ltr'><strong>nico,</strong></span> <span class='ocrx_word' id='word_1_311' title='bbox 857 1740 965 1779; x_wconf 87' lang='lat' dir='ltr'><strong>gratia</strong></span> <span class='ocrx_word' id='word_1_312' title='bbox 986 1749 1079 1780; x_wconf 82' lang='lat' dir='ltr'><strong>exsp.</strong></span> <span class='ocrx_word' id='word_1_313' title='bbox 1098 1740 1209 1771; x_wconf 83' lang='lat' dir='ltr'><strong>benef.</strong></span> <span class='ocrx_word' id='word_1_314' title='bbox 1226 1741 1450 1772; x_wconf 86' lang='lat' dir='ltr'><strong>echesIastici</strong></span> <span class='ocrx_word' id='word_1_315' title='bbox 1469 1750 1497 1771; x_wconf 89' lang='lat' dir='ltr'><strong>c.</strong></span> <span class='ocrx_word' id='word_1_316' title='bbox 1514 1750 1541 1772; x_wconf 84' lang='lat' dir='ltr'><strong>c.</strong></span> <span class='ocrx_word' id='word_1_317' title='bbox 1562 1741 1618 1772; x_wconf 88' lang='lat' dir='ltr'><strong>vel</strong></span> <span class='ocrx_word' id='word_1_318' title='bbox 1632 1750 1660 1772; x_wconf 93' lang='lat' dir='ltr'><strong>s.</strong></span> <span class='ocrx_word' id='word_1_319' title='bbox 1682 1750 1709 1772; x_wconf 90' lang='lat' dir='ltr'><strong>c.</strong></span> <span class='ocrx_word' id='word_1_320' title='bbox 1732 1741 1775 1772; x_wconf 88' lang='lat' dir='ltr'><strong>ad</strong></span> <span class='ocrx_word' id='word_1_321' title='bbox 1790 1741 2008 1772; x_wconf 83' lang='lat' dir='ltr'><strong>collationem</strong></span> <span class='ocrx_word' id='word_1_322' title='bbox 2025 1740 2209 1773; x_wconf 77' lang='lat' dir='ltr'><strong>abbatiSsae</strong></span> <span class='ocrx_word' id='word_1_323' title='bbox 2223 1742 2258 1773; x_wconf 81' lang='lat' dir='ltr'><strong>ot</strong></span> <span class='ocrx_word' id='word_1_324' title='bbox 2271 1750 2370 1773; x_wconf 86' lang='lat' dir='ltr'><strong>conv.</strong></span> 
     </span>
     <span class='ocr_line' id='line_1_44' title="bbox 757 1793 2372 1835; baseline 0.002 -12"><span class='ocrx_word' id='word_1_325' title='bbox 757 1794 903 1824; x_wconf 85' lang='lat' dir='ltr'><strong>monast.</strong></span> <span class='ocrx_word' id='word_1_326' title='bbox 928 1793 1140 1830; x_wconf 84' lang='lat' dir='ltr'><strong>Bilisiensis,</strong></span> <span class='ocrx_word' id='word_1_327' title='bbox 1157 1793 1197 1825; x_wconf 94' lang='lat' dir='ltr'><strong>O.</strong></span> <span class='ocrx_word' id='word_1_328' title='bbox 1221 1794 1255 1825; x_wconf 88' lang='lat' dir='ltr'><strong>S.</strong></span> <span class='ocrx_word' id='word_1_329' title='bbox 1282 1795 1335 1831; x_wconf 90' lang='lat' dir='ltr'><strong>B.,</strong></span> <span class='ocrx_word' id='word_1_330' title='bbox 1359 1793 1521 1825; x_wconf 88' lang='lat' dir='ltr'><strong>Leodien.</strong></span> <span class='ocrx_word' id='word_1_331' title='bbox 1547 1794 1608 1830; x_wconf 77' lang='lat' dir='ltr'>di..</span> <span class='ocrx_word' id='word_1_332' title='bbox 1631 1794 1728 1833; x_wconf 86' lang='lat' dir='ltr'><strong>cujus</strong></span> <span class='ocrx_word' id='word_1_333' title='bbox 1751 1794 1896 1832; x_wconf 86' lang='lat' dir='ltr'><strong>fructus,</strong></span> <span class='ocrx_word' id='word_1_334' title='bbox 1915 1794 1946 1825; x_wconf 89' lang='lat' dir='ltr'><strong>si</strong></span> <span class='ocrx_word' id='word_1_335' title='bbox 1972 1794 2075 1826; x_wconf 87' lang='lat' dir='ltr'><strong>fuerit</strong></span> <span class='ocrx_word' id='word_1_336' title='bbox 2099 1794 2314 1835; x_wconf 75' lang='lat' dir='ltr'><strong>praebendale</strong></span> <span class='ocrx_word' id='word_1_337' title='bbox 2334 1794 2372 1827; x_wconf 84' lang='lat' dir='ltr'><strong>in</strong></span> 
     </span>
     <span class='ocr_line' id='line_1_45' title="bbox 757 1846 2373 1888; baseline 0.002 -11"><span class='ocrx_word' id='word_1_338' title='bbox 757 1846 936 1886; x_wconf 87' lang='lat' dir='ltr'><strong>collegiata</strong></span> <span class='ocrx_word' id='word_1_339' title='bbox 950 1846 1030 1877; x_wconf 89' lang='lat' dir='ltr'><strong>eccl.</strong></span> <span class='ocrx_word' id='word_1_340' title='bbox 1047 1846 1102 1878; x_wconf 91' lang='lat' dir='ltr'><strong>vel</strong></span> <span class='ocrx_word' id='word_1_341' title='bbox 1120 1846 1269 1886; x_wconf 80' lang='lat' dir='ltr'><strong>simplex</strong></span> <span class='ocrx_word' id='word_1_342' title='bbox 1285 1847 1396 1879; x_wconf 87' lang='lat' dir='ltr'><strong>benef.</strong></span> <span class='ocrx_word' id='word_1_343' title='bbox 1413 1857 1441 1879; x_wconf 87' lang='lat' dir='ltr'><strong>s.</strong></span> <span class='ocrx_word' id='word_1_344' title='bbox 1457 1857 1498 1883; x_wconf 90' lang='lat' dir='ltr'><strong>c.,</strong></span> <span class='ocrx_word' id='word_1_345' title='bbox 1517 1848 1556 1878; x_wconf 78' lang='lat'><strong>40</strong></span> <span class='ocrx_word' id='word_1_346' title='bbox 1567 1847 1626 1878; x_wconf 91' lang='lat' dir='ltr'><strong>lib.</strong></span> <span class='ocrx_word' id='word_1_347' title='bbox 1645 1849 1798 1879; x_wconf 80' lang='lat' dir='ltr'>turonen.</span> <span class='ocrx_word' id='word_1_348' title='bbox 1818 1856 2012 1887; x_wconf 88' lang='lat' dir='ltr'><strong>parvorum,</strong></span> <span class='ocrx_word' id='word_1_349' title='bbox 2029 1848 2152 1880; x_wconf 81' lang='lat' dir='ltr'><strong>sivero</strong></span> <span class='ocrx_word' id='word_1_350' title='bbox 2165 1847 2373 1888; x_wconf 80' lang='lat' dir='ltr'><strong>parochialis</strong></span> 
     </span>
     <span class='ocr_line' id='line_1_46' title="bbox 756 1899 2370 1940; baseline 0.002 -10"><span class='ocrx_word' id='word_1_351' title='bbox 756 1899 836 1931; x_wconf 88' lang='lat' dir='ltr'><strong>eccl.</strong></span> <span class='ocrx_word' id='word_1_352' title='bbox 855 1899 910 1930; x_wconf 88' lang='lat' dir='ltr'><strong>vel</strong></span> <span class='ocrx_word' id='word_1_353' title='bbox 926 1899 1036 1931; x_wconf 82' lang='lat' dir='ltr'><strong>benef.</strong></span> <span class='ocrx_word' id='word_1_354' title='bbox 1055 1909 1083 1931; x_wconf 89' lang='lat' dir='ltr'>c.</span> <span class='ocrx_word' id='word_1_355' title='bbox 1101 1909 1142 1938; x_wconf 90' lang='lat' dir='ltr'><strong>c.,</strong></span> <span class='ocrx_word' id='word_1_356' title='bbox 1161 1902 1202 1932; x_wconf 88' lang='grc'><strong>60</strong></span> <span class='ocrx_word' id='word_1_357' title='bbox 1218 1900 1373 1940; x_wconf 84' lang='lat' dir='ltr'><strong>ejusdem</strong></span> <span class='ocrx_word' id='word_1_358' title='bbox 1390 1903 1533 1932; x_wconf 84' lang='lat' dir='ltr'><strong>monetae</strong></span> <span class='ocrx_word' id='word_1_359' title='bbox 1549 1901 1701 1932; x_wconf 89' lang='lat' dir='ltr'><strong>valorem</strong></span> <span class='ocrx_word' id='word_1_360' title='bbox 1715 1909 1867 1932; x_wconf 87' lang='lat' dir='ltr'><strong>annuum</strong></span> <span class='ocrx_word' id='word_1_361' title='bbox 1885 1909 1953 1932; x_wconf 93' lang='lat' dir='ltr'><strong>non</strong></span> <span class='ocrx_word' id='word_1_362' title='bbox 1966 1902 2143 1933; x_wconf 85' lang='lat' dir='ltr'><strong>excedant.</strong></span> <span class='ocrx_word' id='word_1_363' title='bbox 2161 1918 2201 1924; x_wconf 88' lang='lat'><strong>·—</strong></span> <span class='ocrx_word' id='word_1_364' title='bbox 2217 1902 2258 1933; x_wconf 89' lang='lat' dir='ltr'><strong>In</strong></span> <span class='ocrx_word' id='word_1_365' title='bbox 2275 1910 2306 1934; x_wconf 85' lang='lat' dir='ltr'>e.</span> <span class='ocrx_word' id='word_1_366' title='bbox 2323 1910 2370 1934; x_wconf 90' lang='lat' dir='ltr'><strong>m.</strong></span> 
     </span>
     <span class='ocr_line' id='line_1_47' title="bbox 756 1952 2374 1994; baseline 0.002 -11"><span class='ocrx_word' id='word_1_367' title='bbox 756 1952 871 1984; x_wconf 85' lang='lat' dir='ltr'><strong>abbati</strong></span> <span class='ocrx_word' id='word_1_368' title='bbox 891 1955 1037 1985; x_wconf 86' lang='lat' dir='ltr'><strong>monast.</strong></span> <span class='ocrx_word' id='word_1_369' title='bbox 1053 1962 1079 1984; x_wconf 87' lang='lat' dir='ltr'><strong>s.</strong></span> <span class='ocrx_word' id='word_1_370' title='bbox 1101 1954 1285 1990; x_wconf 85' lang='lat' dir='ltr'><strong>Trudonis,</strong></span> <span class='ocrx_word' id='word_1_371' title='bbox 1302 1954 1463 1986; x_wconf 88' lang='lat' dir='ltr'><strong>Leodien.</strong></span> <span class='ocrx_word' id='word_1_372' title='bbox 1482 1955 1543 1992; x_wconf 70' lang='lat' dir='ltr'><strong>di„</strong></span> <span class='ocrx_word' id='word_1_373' title='bbox 1559 1957 1592 1986; x_wconf 81' lang='lat' dir='ltr'><strong>et</strong></span> <span class='ocrx_word' id='word_1_374' title='bbox 1607 1955 1732 1986; x_wconf 86' lang='lat' dir='ltr'><strong>decano</strong></span> <span class='ocrx_word' id='word_1_375' title='bbox 1749 1964 1776 1986; x_wconf 79' lang='lat' dir='ltr'><strong>S.</strong></span> <span class='ocrx_word' id='word_1_376' title='bbox 1794 1955 1956 1994; x_wconf 87' lang='lat' dir='ltr'><strong>Stephani</strong></span> <span class='ocrx_word' id='word_1_377' title='bbox 1969 1955 2009 1986; x_wconf 89' lang='lat' dir='ltr'><strong>de</strong></span> <span class='ocrx_word' id='word_1_378' title='bbox 2027 1956 2179 1987; x_wconf 86' lang='lat' dir='ltr'><strong>Tescone</strong></span> <span class='ocrx_word' id='word_1_379' title='bbox 2194 1955 2374 1987; x_wconf 82' lang='lat' dir='ltr'><strong>Montisal-</strong></span> 
     </span>
     <span class='ocr_line' id='line_1_48' title="bbox 755 2006 2266 2050; baseline 0.001 -13"><span class='ocrx_word' id='word_1_380' title='bbox 755 2006 847 2043; x_wconf 88' lang='lat' dir='ltr'><strong>bani,</strong></span> <span class='ocrx_word' id='word_1_381' title='bbox 866 2015 904 2038; x_wconf 90' lang='lat' dir='ltr'><strong>ac</strong></span> <span class='ocrx_word' id='word_1_382' title='bbox 919 2007 1066 2038; x_wconf 81' lang='lat' dir='ltr'><strong>Macario</strong></span> <span class='ocrx_word' id='word_1_383' title='bbox 1084 2007 1125 2038; x_wconf 88' lang='lat' dir='ltr'><strong>de</strong></span> <span class='ocrx_word' id='word_1_384' title='bbox 1141 2007 1273 2042; x_wconf 89' lang='lat' dir='ltr'><strong>Mierle‚</strong></span> <span class='ocrx_word' id='word_1_385' title='bbox 1288 2016 1360 2039; x_wconf 88' lang='lat' dir='ltr'><strong>can.</strong></span> <span class='ocrx_word' id='word_1_386' title='bbox 1378 2008 1538 2040; x_wconf 86' lang='lat' dir='ltr'><strong>Leodien.</strong></span> <span class='ocrx_word' id='word_1_387' title='bbox 1553 2008 1634 2039; x_wconf 86' lang='lat' dir='ltr'><strong>eccl.</strong></span> <span class='ocrx_word' id='word_1_388' title='bbox 1652 2008 1704 2048; x_wconf 89' lang='lat' dir='ltr'><strong>(A.</strong></span> <span class='ocrx_word' id='word_1_389' title='bbox 1721 2009 1772 2045; x_wconf 86' lang='lat'><strong>30,</strong></span> <span class='ocrx_word' id='word_1_390' title='bbox 1792 2008 1815 2039; x_wconf 81' lang='lat' dir='ltr'><strong>f.</strong></span> <span class='ocrx_word' id='word_1_391' title='bbox 1831 2010 1891 2040; x_wconf 91' lang='grc'><strong>618</strong></span> <span class='ocrx_word' id='word_1_392' title='bbox 1909 2014 1938 2046; x_wconf 78' lang='grc'><strong>·;</strong></span> <span class='ocrx_word' id='word_1_393' title='bbox 1961 2008 1997 2040; x_wconf 94' lang='lat' dir='ltr'><strong>V.</strong></span> <span class='ocrx_word' id='word_1_394' title='bbox 2015 2009 2068 2046; x_wconf 86' lang='lat'><strong>87,</strong></span> <span class='ocrx_word' id='word_1_395' title='bbox 2085 2017 2139 2049; x_wconf 82' lang='lat' dir='ltr'>op.</span> <span class='ocrx_word' id='word_1_396' title='bbox 2156 2009 2266 2050; x_wconf 76' lang='lat'>2466.)</span> 
     </span>
    </p>

    <p class='ocr_par' dir='ltr' id='par_1_19' title="bbox 756 2057 2415 2477">
     <span class='ocr_line' id='line_1_49' title="bbox 802 2057 2371 2103; baseline 0.003 -14"><span class='ocrx_word' id='word_1_397' title='bbox 802 2057 941 2090; x_wconf 76' lang='lat'>41248.</span> <span class='ocrx_word' id='word_1_398' title='bbox 967 2078 1005 2083; x_wconf 95' lang='lat'><strong>—</strong></span> <span class='ocrx_word' id='word_1_399' title='bbox 1034 2060 1164 2091; x_wconf 82' lang='lat' dir='ltr'><strong>Roberlo</strong></span> <span class='ocrx_word' id='word_1_400' title='bbox 1187 2060 1225 2091; x_wconf 85' lang='lat' dir='ltr'><strong>de</strong></span> <span class='ocrx_word' id='word_1_401' title='bbox 1241 2061 1420 2102; x_wconf 81' lang='lat' dir='ltr'><strong>Kynebelle,</strong></span> <span class='ocrx_word' id='word_1_402' title='bbox 1445 2061 1518 2093; x_wconf 80' lang='lat' dir='ltr'><strong>cler.</strong></span> <span class='ocrx_word' id='word_1_403' title='bbox 1539 2061 1734 2092; x_wconf 82' lang='lat' dir='ltr'><strong>Lincolnien.</strong></span> <span class='ocrx_word' id='word_1_404' title='bbox 1756 2061 1814 2098; x_wconf 61' lang='lat' dir='ltr'><strong>di„</strong></span> <span class='ocrx_word' id='word_1_405' title='bbox 1836 2072 1918 2102; x_wconf 74' lang='lat' dir='ltr'>may.</span> <span class='ocrx_word' id='word_1_406' title='bbox 1942 2062 1976 2092; x_wconf 80' lang='lat' dir='ltr'><strong>in</strong></span> <span class='ocrx_word' id='word_1_407' title='bbox 1995 2062 2127 2100; x_wconf 79' lang='lat' dir='ltr'><strong>artibus,</strong></span> <span class='ocrx_word' id='word_1_408' title='bbox 2143 2062 2254 2101; x_wconf 82' lang='lat' dir='ltr'><strong>gratia</strong></span> <span class='ocrx_word' id='word_1_409' title='bbox 2273 2070 2371 2103; x_wconf 75' lang='lat' dir='ltr'><strong>exsp.</strong></span> 
     </span>
     <span class='ocr_line' id='line_1_50' title="bbox 756 2113 2372 2156; baseline 0.002 -11"><span class='ocrx_word' id='word_1_410' title='bbox 756 2113 867 2145; x_wconf 84' lang='lat' dir='ltr'><strong>benef.</strong></span> <span class='ocrx_word' id='word_1_411' title='bbox 888 2114 1064 2145; x_wconf 81' lang='lat' dir='ltr'><strong>saecularis</strong></span> <span class='ocrx_word' id='word_1_412' title='bbox 1082 2124 1110 2146; x_wconf 91' lang='lat' dir='ltr'><strong>c.</strong></span> <span class='ocrx_word' id='word_1_413' title='bbox 1131 2123 1157 2146; x_wconf 86' lang='lat' dir='ltr'><strong>c.</strong></span> <span class='ocrx_word' id='word_1_414' title='bbox 1185 2115 1239 2146; x_wconf 91' lang='lat' dir='ltr'><strong>vel</strong></span> <span class='ocrx_word' id='word_1_415' title='bbox 1257 2124 1286 2145; x_wconf 84' lang='lat' dir='ltr'><strong>s.</strong></span> <span class='ocrx_word' id='word_1_416' title='bbox 1304 2124 1345 2151; x_wconf 92' lang='lat' dir='ltr'><strong>c.,</strong></span> <span class='ocrx_word' id='word_1_417' title='bbox 1362 2115 1398 2146; x_wconf 92' lang='lat' dir='ltr'><strong>in</strong></span> <span class='ocrx_word' id='word_1_418' title='bbox 1416 2116 1510 2146; x_wconf 85' lang='lat' dir='ltr'><strong>civit.</strong></span> <span class='ocrx_word' id='word_1_419' title='bbox 1531 2116 1586 2147; x_wconf 91' lang='lat' dir='ltr'><strong>vel</strong></span> <span class='ocrx_word' id='word_1_420' title='bbox 1605 2116 1650 2147; x_wconf 92' lang='lat' dir='ltr'>di.</span> <span class='ocrx_word' id='word_1_421' title='bbox 1676 2116 1921 2153; x_wconf 66' lang='lat' dir='ltr'><strong>Winctonien„</strong></span> <span class='ocrx_word' id='word_1_422' title='bbox 1947 2117 1988 2147; x_wconf 81' lang='lat' dir='ltr'><strong>ad</strong></span> <span class='ocrx_word' id='word_1_423' title='bbox 2010 2116 2228 2148; x_wconf 84' lang='lat' dir='ltr'><strong>collati0nem</strong></span> <span class='ocrx_word' id='word_1_424' title='bbox 2244 2116 2372 2156; x_wconf 79' lang='lat' dir='ltr'><strong>prioris</strong></span> 
     </span>
     <span class='ocr_line' id='line_1_51' title="bbox 757 2168 2374 2209; baseline 0.002 -11"><span class='ocrx_word' id='word_1_425' title='bbox 757 2169 790 2198; x_wconf 89' lang='lat' dir='ltr'><strong>et</strong></span> <span class='ocrx_word' id='word_1_426' title='bbox 805 2176 901 2199; x_wconf 90' lang='lat' dir='ltr'><strong>conv.</strong></span> <span class='ocrx_word' id='word_1_427' title='bbox 920 2168 1093 2207; x_wconf 83' lang='lat' dir='ltr'>prioratus</span> <span class='ocrx_word' id='word_1_428' title='bbox 1111 2169 1152 2200; x_wconf 88' lang='lat' dir='ltr'><strong>de</strong></span> <span class='ocrx_word' id='word_1_429' title='bbox 1165 2169 1309 2204; x_wconf 82' lang='lat' dir='ltr'><strong>Merton,</strong></span> <span class='ocrx_word' id='word_1_430' title='bbox 1325 2169 1363 2201; x_wconf 96' lang='lat' dir='ltr'><strong>O.</strong></span> <span class='ocrx_word' id='word_1_431' title='bbox 1386 2169 1420 2201; x_wconf 89' lang='lat' dir='ltr'><strong>S.</strong></span> <span class='ocrx_word' id='word_1_432' title='bbox 1437 2170 1491 2206; x_wconf 70' lang='lat' dir='ltr'><strong>A„</strong></span> <span class='ocrx_word' id='word_1_433' title='bbox 1508 2169 1742 2200; x_wconf 84' lang='lat' dir='ltr'><strong>Winctonien.</strong></span> <span class='ocrx_word' id='word_1_434' title='bbox 1761 2170 1820 2207; x_wconf 62' lang='lat' dir='ltr'><strong>di„</strong></span> <span class='ocrx_word' id='word_1_435' title='bbox 1838 2170 1934 2209; x_wconf 86' lang='lat' dir='ltr'><strong>cujus</strong></span> <span class='ocrx_word' id='word_1_436' title='bbox 1952 2170 2095 2206; x_wconf 80' lang='lat' dir='ltr'><strong>fructus,</strong></span> <span class='ocrx_word' id='word_1_437' title='bbox 2116 2170 2146 2201; x_wconf 88' lang='lat' dir='ltr'><strong>si</strong></span> <span class='ocrx_word' id='word_1_438' title='bbox 2164 2169 2268 2201; x_wconf 85' lang='lat' dir='ltr'><strong>fuerit</strong></span> <span class='ocrx_word' id='word_1_439' title='bbox 2287 2177 2374 2209; x_wconf 83' lang='lat' dir='ltr'><strong>prae-</strong></span> 
     </span>
     <span class='ocr_line' id='line_1_52' title="bbox 757 2220 2370 2263; baseline 0.001 -11"><span class='ocrx_word' id='word_1_440' title='bbox 757 2220 901 2252; x_wconf 88' lang='lat' dir='ltr'><strong>bendale</strong></span> <span class='ocrx_word' id='word_1_441' title='bbox 918 2221 953 2252; x_wconf 90' lang='lat' dir='ltr'><strong>in</strong></span> <span class='ocrx_word' id='word_1_442' title='bbox 970 2221 1085 2261; x_wconf 90' lang='lat' dir='ltr'><strong>aliqua</strong></span> <span class='ocrx_word' id='word_1_443' title='bbox 1101 2222 1277 2262; x_wconf 82' lang='lat' dir='ltr'><strong>collegiata</strong></span> <span class='ocrx_word' id='word_1_444' title='bbox 1306 2222 1460 2259; x_wconf 87' lang='lat' dir='ltr'><strong>ecclesia,</strong></span> <span class='ocrx_word' id='word_1_445' title='bbox 1479 2223 1534 2253; x_wconf 90' lang='lat' dir='ltr'><strong>vel</strong></span> <span class='ocrx_word' id='word_1_446' title='bbox 1549 2222 1644 2254; x_wconf 87' lang='lat' dir='ltr'><strong>aliud</strong></span> <span class='ocrx_word' id='word_1_447' title='bbox 1660 2223 1809 2262; x_wconf 87' lang='lat' dir='ltr'><strong>simplex</strong></span> <span class='ocrx_word' id='word_1_448' title='bbox 1825 2223 1937 2255; x_wconf 84' lang='lat' dir='ltr'><strong>benef.</strong></span> <span class='ocrx_word' id='word_1_449' title='bbox 1954 2232 1982 2255; x_wconf 91' lang='lat' dir='ltr'><strong>s.</strong></span> <span class='ocrx_word' id='word_1_450' title='bbox 2003 2232 2030 2254; x_wconf 86' lang='lat' dir='ltr'><strong>c.</strong></span> <span class='ocrx_word' id='word_1_451' title='bbox 2055 2224 2109 2261; x_wconf 79' lang='grc'><strong>20,</strong></span> <span class='ocrx_word' id='word_1_452' title='bbox 2130 2223 2161 2254; x_wconf 87' lang='lat' dir='ltr'><strong>si</strong></span> <span class='ocrx_word' id='word_1_453' title='bbox 2177 2231 2257 2255; x_wconf 88' lang='lat' dir='ltr'><strong>vero</strong></span> <span class='ocrx_word' id='word_1_454' title='bbox 2274 2231 2370 2263; x_wconf 78' lang='lat' dir='ltr'><strong>paro—</strong></span> 
     </span>
     <span class='ocr_line' id='line_1_53' title="bbox 758 2274 2374 2317; baseline 0.002 -12"><span class='ocrx_word' id='word_1_455' title='bbox 758 2274 878 2306; x_wconf 80' lang='lat' dir='ltr'><strong>chiaHs</strong></span> <span class='ocrx_word' id='word_1_456' title='bbox 892 2275 972 2307; x_wconf 90' lang='lat' dir='ltr'><strong>eccl.</strong></span> <span class='ocrx_word' id='word_1_457' title='bbox 990 2275 1045 2306; x_wconf 89' lang='lat' dir='ltr'><strong>vel</strong></span> <span class='ocrx_word' id='word_1_458' title='bbox 1061 2275 1155 2306; x_wconf 86' lang='lat' dir='ltr'><strong>aliud</strong></span> <span class='ocrx_word' id='word_1_459' title='bbox 1170 2275 1281 2306; x_wconf 83' lang='lat' dir='ltr'><strong>benef.</strong></span> <span class='ocrx_word' id='word_1_460' title='bbox 1302 2285 1329 2306; x_wconf 87' lang='lat' dir='ltr'><strong>c.</strong></span> <span class='ocrx_word' id='word_1_461' title='bbox 1348 2285 1377 2306; x_wconf 88' lang='lat' dir='ltr'><strong>c.</strong></span> <span class='ocrx_word' id='word_1_462' title='bbox 1399 2277 1561 2313; x_wconf 81' lang='lat' dir='ltr'><strong>extiterit,</strong></span> <span class='ocrx_word' id='word_1_463' title='bbox 1581 2278 1620 2307; x_wconf 80' lang='lat'><strong>25</strong></span> <span class='ocrx_word' id='word_1_464' title='bbox 1639 2277 1765 2307; x_wconf 82' lang='lat' dir='ltr'><strong>march.</strong></span> <span class='ocrx_word' id='word_1_465' title='bbox 1787 2277 2031 2317; x_wconf 75' lang='lat' dir='ltr'><strong>sterlingorum</strong></span> <span class='ocrx_word' id='word_1_466' title='bbox 2047 2277 2199 2308; x_wconf 86' lang='lat' dir='ltr'><strong>valorem</strong></span> <span class='ocrx_word' id='word_1_467' title='bbox 2220 2284 2374 2308; x_wconf 88' lang='lat' dir='ltr'><strong>annuum</strong></span> 
     </span>
     <span class='ocr_line' id='line_1_54' title="bbox 758 2329 2415 2369; baseline 0.002 -10"><span class='ocrx_word' id='word_1_468' title='bbox 758 2337 825 2359; x_wconf 86' lang='lat' dir='ltr'><strong>sec.</strong></span> <span class='ocrx_word' id='word_1_469' title='bbox 842 2330 912 2369; x_wconf 71' lang='lat' dir='ltr'><strong>tax.</strong></span> <span class='ocrx_word' id='word_1_470' title='bbox 932 2329 1004 2360; x_wconf 88' lang='lat' dir='ltr'><strong>dec.</strong></span> <span class='ocrx_word' id='word_1_471' title='bbox 1022 2337 1090 2361; x_wconf 93' lang='lat' dir='ltr'><strong>non</strong></span> <span class='ocrx_word' id='word_1_472' title='bbox 1105 2329 1283 2361; x_wconf 83' lang='lat' dir='ltr'><strong>excedant.</strong></span> <span class='ocrx_word' id='word_1_473' title='bbox 1301 2348 1338 2353; x_wconf 89' lang='grc'>-</span> <span class='ocrx_word' id='word_1_474' title='bbox 1358 2330 1384 2361; x_wconf 93' lang='grc' dir='ltr'><strong>Ι.</strong></span> <span class='ocrx_word' id='word_1_475' title='bbox 1403 2339 1431 2361; x_wconf 93' lang='lat' dir='ltr'><strong>e.</strong></span> <span class='ocrx_word' id='word_1_476' title='bbox 1452 2338 1497 2361; x_wconf 89' lang='lat' dir='ltr'><strong>m.</strong></span> <span class='ocrx_word' id='word_1_477' title='bbox 1514 2330 1628 2361; x_wconf 82' lang='lat' dir='ltr'><strong>abbati</strong></span> <span class='ocrx_word' id='word_1_478' title='bbox 1646 2332 1789 2361; x_wconf 84' lang='lat' dir='ltr'><strong>monast.</strong></span> <span class='ocrx_word' id='word_1_479' title='bbox 1812 2340 1839 2361; x_wconf 91' lang='lat' dir='ltr'><strong>s.</strong></span> <span class='ocrx_word' id='word_1_480' title='bbox 1858 2331 1995 2368; x_wconf 86' lang='lat' dir='ltr'><strong>Albani,</strong></span> <span class='ocrx_word' id='word_1_481' title='bbox 2019 2330 2232 2362; x_wconf 88' lang='lat' dir='ltr'><strong>Lincolnien.</strong></span> <span class='ocrx_word' id='word_1_482' title='bbox 2253 2330 2314 2366; x_wconf 69' lang='lat' dir='ltr'><strong>di„</strong></span> <span class='ocrx_word' id='word_1_483' title='bbox 2340 2332 2375 2362; x_wconf 82' lang='lat' dir='ltr'><strong>et</strong></span> <span class='ocrx_word' id='word_1_484' title='bbox 2412 2365 2415 2367; x_wconf 58' lang='grc'>,</span> 
     </span>
     <span class='ocr_line' id='line_1_55' title="bbox 758 2382 2372 2423; baseline 0.001 -10"><span class='ocrx_word' id='word_1_485' title='bbox 758 2382 961 2414; x_wconf 84' lang='lat' dir='ltr'><strong>cancellario</strong></span> <span class='ocrx_word' id='word_1_486' title='bbox 984 2391 1011 2413; x_wconf 91' lang='lat' dir='ltr'><strong>s.</strong></span> <span class='ocrx_word' id='word_1_487' title='bbox 1037 2382 1137 2414; x_wconf 87' lang='lat' dir='ltr'><strong>Pauli</strong></span> <span class='ocrx_word' id='word_1_488' title='bbox 1155 2383 1379 2420; x_wconf 89' lang='lat' dir='ltr'><strong>Londonien.,</strong></span> <span class='ocrx_word' id='word_1_489' title='bbox 1398 2387 1435 2414; x_wconf 85' lang='lat' dir='ltr'><strong>ac</strong></span> <span class='ocrx_word' id='word_1_490' title='bbox 1450 2393 1537 2423; x_wconf 88' lang='lat' dir='ltr'>mag.</span> <span class='ocrx_word' id='word_1_491' title='bbox 1565 2384 1747 2416; x_wconf 81' lang='lat' dir='ltr'><strong>Benedicto</strong></span> <span class='ocrx_word' id='word_1_492' title='bbox 1764 2385 1805 2416; x_wconf 92' lang='lat' dir='ltr'><strong>de</strong></span> <span class='ocrx_word' id='word_1_493' title='bbox 1823 2385 1962 2422; x_wconf 84' lang='lat' dir='ltr'><strong>Paston,</strong></span> <span class='ocrx_word' id='word_1_494' title='bbox 1981 2393 2053 2416; x_wconf 90' lang='lat' dir='ltr'><strong>can.</strong></span> <span class='ocrx_word' id='word_1_495' title='bbox 2079 2384 2247 2416; x_wconf 86' lang='lat' dir='ltr'><strong>Exonien.</strong></span> <span class='ocrx_word' id='word_1_496' title='bbox 2275 2383 2372 2421; x_wconf 67' lang='lat' dir='ltr'><strong>eccl„</strong></span> 
     </span>
     <span class='ocr_line' id='line_1_56' title="bbox 757 2436 1552 2477; baseline 0 -10"><span class='ocrx_word' id='word_1_497' title='bbox 757 2436 858 2475; x_wconf 83' lang='lat' dir='ltr'><strong>Papae</strong></span> <span class='ocrx_word' id='word_1_498' title='bbox 876 2445 948 2476; x_wconf 89' lang='lat' dir='ltr'><strong>cap.</strong></span> <span class='ocrx_word' id='word_1_499' title='bbox 965 2437 1020 2477; x_wconf 88' lang='lat' dir='ltr'><strong>(A.</strong></span> <span class='ocrx_word' id='word_1_500' title='bbox 1034 2437 1086 2473; x_wconf 92' lang='grc'><strong>31,</strong></span> <span class='ocrx_word' id='word_1_501' title='bbox 1104 2436 1125 2468; x_wconf 87' lang='lat' dir='ltr'><strong>f.</strong></span> <span class='ocrx_word' id='word_1_502' title='bbox 1144 2438 1181 2466; x_wconf 81' lang='grc'><strong>41</strong></span> <span class='ocrx_word' id='word_1_503' title='bbox 1200 2442 1229 2474; x_wconf 71' lang='lat'><strong>³3</strong></span> <span class='ocrx_word' id='word_1_504' title='bbox 1253 2436 1288 2467; x_wconf 89' lang='lat' dir='ltr'><strong>V.</strong></span> <span class='ocrx_word' id='word_1_505' title='bbox 1303 2438 1355 2473; x_wconf 86' lang='lat'><strong>87,</strong></span> <span class='ocrx_word' id='word_1_506' title='bbox 1373 2446 1425 2477; x_wconf 91' lang='lat' dir='ltr'><strong>ep.</strong></span> <span class='ocrx_word' id='word_1_507' title='bbox 1446 2439 1552 2476; x_wconf 75' lang='lat'>2671.)</span> 
     </span>
    </p>

    <p class='ocr_par' dir='ltr' id='par_1_20' title="bbox 758 2486 2386 2853">
     <span class='ocr_line' id='line_1_57' title="bbox 805 2486 2373 2532; baseline 0.003 -14"><span class='ocrx_word' id='word_1_508' title='bbox 805 2486 940 2518; x_wconf 78' lang='lat'>41249.</span> <span class='ocrx_word' id='word_1_509' title='bbox 961 2508 999 2513; x_wconf 91' lang='lat'>—</span> <span class='ocrx_word' id='word_1_510' title='bbox 1011 2489 1146 2520; x_wconf 84' lang='lat' dir='ltr'><strong>Roberto</strong></span> <span class='ocrx_word' id='word_1_511' title='bbox 1162 2489 1198 2520; x_wconf 85' lang='lat' dir='ltr'><strong>de</strong></span> <span class='ocrx_word' id='word_1_512' title='bbox 1221 2489 1395 2531; x_wconf 73' lang='lat' dir='ltr'><strong>Wiqornia,</strong></span> <span class='ocrx_word' id='word_1_513' title='bbox 1412 2489 1486 2521; x_wconf 86' lang='lat' dir='ltr'><strong>cler.</strong></span> <span class='ocrx_word' id='word_1_514' title='bbox 1514 2490 1723 2531; x_wconf 46' lang='lat' dir='ltr'><strong>Wiyornien..</strong></span> <span class='ocrx_word' id='word_1_515' title='bbox 1731 2491 1820 2532; x_wconf 78' lang='lat' dir='ltr'><strong>juris</strong></span> <span class='ocrx_word' id='word_1_516' title='bbox 1835 2491 1934 2522; x_wconf 85' lang='lat' dir='ltr'><strong>civilis</strong></span> <span class='ocrx_word' id='word_1_517' title='bbox 1945 2491 2129 2532; x_wconf 76' lang='lat' dir='ltr'><strong>professori,</strong></span> <span class='ocrx_word' id='word_1_518' title='bbox 2145 2490 2256 2531; x_wconf 83' lang='lat' dir='ltr'><strong>gratia</strong></span> <span class='ocrx_word' id='word_1_519' title='bbox 2277 2499 2373 2531; x_wconf 82' lang='lat' dir='ltr'><strong>exsp.</strong></span> 
     </span>
     <span class='ocr_line' id='line_1_58' title="bbox 758 2541 2386 2585; baseline 0.002 -12"><span class='ocrx_word' id='word_1_520' title='bbox 758 2541 869 2574; x_wconf 84' lang='lat' dir='ltr'><strong>benef.</strong></span> <span class='ocrx_word' id='word_1_521' title='bbox 890 2552 918 2574; x_wconf 92' lang='lat' dir='ltr'><strong>c.</strong></span> <span class='ocrx_word' id='word_1_522' title='bbox 946 2552 974 2574; x_wconf 90' lang='lat' dir='ltr'><strong>c.</strong></span> <span class='ocrx_word' id='word_1_523' title='bbox 1001 2543 1056 2575; x_wconf 91' lang='lat' dir='ltr'><strong>vel</strong></span> <span class='ocrx_word' id='word_1_524' title='bbox 1072 2552 1100 2575; x_wconf 84' lang='lat' dir='ltr'><strong>s.</strong></span> <span class='ocrx_word' id='word_1_525' title='bbox 1123 2552 1151 2575; x_wconf 86' lang='lat' dir='ltr'><strong>c.</strong></span> <span class='ocrx_word' id='word_1_526' title='bbox 1169 2544 1205 2574; x_wconf 93' lang='lat' dir='ltr'><strong>in</strong></span> <span class='ocrx_word' id='word_1_527' title='bbox 1222 2544 1315 2575; x_wconf 84' lang='lat' dir='ltr'><strong>civit.</strong></span> <span class='ocrx_word' id='word_1_528' title='bbox 1340 2544 1395 2575; x_wconf 91' lang='lat' dir='ltr'><strong>vel</strong></span> <span class='ocrx_word' id='word_1_529' title='bbox 1416 2544 1462 2575; x_wconf 88' lang='lat' dir='ltr'>di.</span> <span class='ocrx_word' id='word_1_530' title='bbox 1486 2545 1718 2582; x_wconf 69' lang='lat' dir='ltr'><strong>Cantuarien„</strong></span> <span class='ocrx_word' id='word_1_531' title='bbox 1745 2546 1869 2585; x_wconf 85' lang='lat' dir='ltr'><strong>pertin.</strong></span> <span class='ocrx_word' id='word_1_532' title='bbox 1895 2545 1938 2576; x_wconf 91' lang='lat' dir='ltr'><strong>ad</strong></span> <span class='ocrx_word' id='word_1_533' title='bbox 1961 2545 2179 2576; x_wconf 87' lang='lat' dir='ltr'><strong>collationem</strong></span> <span class='ocrx_word' id='word_1_534' title='bbox 2207 2543 2386 2584; x_wconf 55' lang='lat' dir='ltr'><strong>archieps,</strong></span> 
     </span>
     <span class='ocr_line' id='line_1_59' title="bbox 759 2597 2376 2638; baseline 0.001 -11"><span class='ocrx_word' id='word_1_535' title='bbox 759 2597 991 2632; x_wconf 70' lang='lat' dir='ltr'><strong>Cantuarien„</strong></span> <span class='ocrx_word' id='word_1_536' title='bbox 1006 2597 1103 2637; x_wconf 77' lang='lat' dir='ltr'><strong>quus</strong></span> <span class='ocrx_word' id='word_1_537' title='bbox 1120 2597 1260 2636; x_wconf 77' lang='lat' dir='ltr'><strong>fructus,</strong></span> <span class='ocrx_word' id='word_1_538' title='bbox 1278 2597 1308 2628; x_wconf 85' lang='lat' dir='ltr'><strong>si</strong></span> <span class='ocrx_word' id='word_1_539' title='bbox 1325 2597 1427 2629; x_wconf 84' lang='lat' dir='ltr'><strong>fuerit</strong></span> <span class='ocrx_word' id='word_1_540' title='bbox 1443 2597 1658 2637; x_wconf 68' lang='lat' dir='ltr'><strong>praebendale</strong></span> <span class='ocrx_word' id='word_1_541' title='bbox 1675 2599 1709 2629; x_wconf 89' lang='lat' dir='ltr'><strong>in</strong></span> <span class='ocrx_word' id='word_1_542' title='bbox 1725 2598 1842 2638; x_wconf 80' lang='lat' dir='ltr'><strong>aliqua</strong></span> <span class='ocrx_word' id='word_1_543' title='bbox 1855 2598 2035 2638; x_wconf 79' lang='lat' dir='ltr'><strong>collegIata</strong></span> <span class='ocrx_word' id='word_1_544' title='bbox 2051 2598 2195 2630; x_wconf 90' lang='lat' dir='ltr'><strong>ecclesia</strong></span> <span class='ocrx_word' id='word_1_545' title='bbox 2211 2598 2266 2630; x_wconf 90' lang='lat' dir='ltr'><strong>vel</strong></span> <span class='ocrx_word' id='word_1_546' title='bbox 2280 2597 2376 2630; x_wconf 85' lang='lat' dir='ltr'><strong>aliud</strong></span> 
     </span>
     <span class='ocr_line' id='line_1_60' title="bbox 759 2650 2373 2691; baseline 0.001 -10"><span class='ocrx_word' id='word_1_547' title='bbox 759 2650 908 2690; x_wconf 85' lang='lat' dir='ltr'><strong>simplex</strong></span> <span class='ocrx_word' id='word_1_548' title='bbox 921 2650 1127 2682; x_wconf 88' lang='lat' dir='ltr'><strong>beneficium</strong></span> <span class='ocrx_word' id='word_1_549' title='bbox 1143 2659 1170 2682; x_wconf 91' lang='lat' dir='ltr'><strong>s.</strong></span> <span class='ocrx_word' id='word_1_550' title='bbox 1188 2660 1215 2682; x_wconf 88' lang='lat' dir='ltr'><strong>c.</strong></span> <span class='ocrx_word' id='word_1_551' title='bbox 1241 2652 1296 2689; x_wconf 72' lang='lat'><strong>20,</strong></span> <span class='ocrx_word' id='word_1_552' title='bbox 1315 2651 1346 2682; x_wconf 92' lang='lat' dir='ltr'><strong>si</strong></span> <span class='ocrx_word' id='word_1_553' title='bbox 1363 2660 1444 2683; x_wconf 90' lang='lat' dir='ltr'><strong>vero</strong></span> <span class='ocrx_word' id='word_1_554' title='bbox 1460 2652 1666 2691; x_wconf 87' lang='lat' dir='ltr'><strong>parochialis</strong></span> <span class='ocrx_word' id='word_1_555' title='bbox 1687 2653 1768 2683; x_wconf 87' lang='lat' dir='ltr'><strong>eccl.</strong></span> <span class='ocrx_word' id='word_1_556' title='bbox 1795 2652 1849 2683; x_wconf 86' lang='lat' dir='ltr'><strong>vel</strong></span> <span class='ocrx_word' id='word_1_557' title='bbox 1868 2652 1962 2683; x_wconf 89' lang='lat' dir='ltr'><strong>aliud</strong></span> <span class='ocrx_word' id='word_1_558' title='bbox 1978 2652 2090 2683; x_wconf 87' lang='lat' dir='ltr'><strong>benef.</strong></span> <span class='ocrx_word' id='word_1_559' title='bbox 2116 2661 2144 2683; x_wconf 90' lang='lat' dir='ltr'><strong>c.</strong></span> <span class='ocrx_word' id='word_1_560' title='bbox 2162 2661 2189 2683; x_wconf 85' lang='lat' dir='ltr'><strong>c.</strong></span> <span class='ocrx_word' id='word_1_561' title='bbox 2208 2651 2373 2688; x_wconf 84' lang='lat' dir='ltr'><strong>extiterit,</strong></span> 
     </span>
     <span class='ocr_line' id='line_1_61' title="bbox 758 2704 2374 2744; baseline 0.001 -9"><span class='ocrx_word' id='word_1_562' title='bbox 758 2705 797 2734; x_wconf 75' lang='lat'><strong>25</strong></span> <span class='ocrx_word' id='word_1_563' title='bbox 814 2704 941 2736; x_wconf 89' lang='lat' dir='ltr'><strong>march.</strong></span> <span class='ocrx_word' id='word_1_564' title='bbox 961 2704 1206 2744; x_wconf 80' lang='lat' dir='ltr'><strong>sterlingorum</strong></span> <span class='ocrx_word' id='word_1_565' title='bbox 1223 2705 1373 2736; x_wconf 90' lang='lat' dir='ltr'><strong>valorem</strong></span> <span class='ocrx_word' id='word_1_566' title='bbox 1392 2714 1543 2736; x_wconf 90' lang='lat' dir='ltr'><strong>annuum</strong></span> <span class='ocrx_word' id='word_1_567' title='bbox 1559 2714 1625 2737; x_wconf 81' lang='lat' dir='ltr'><strong>sec.</strong></span> <span class='ocrx_word' id='word_1_568' title='bbox 1645 2707 1717 2737; x_wconf 85' lang='lat' dir='ltr'><strong>tax.</strong></span> <span class='ocrx_word' id='word_1_569' title='bbox 1736 2706 1807 2737; x_wconf 87' lang='lat' dir='ltr'><strong>dec.</strong></span> <span class='ocrx_word' id='word_1_570' title='bbox 1825 2714 1893 2737; x_wconf 88' lang='lat' dir='ltr'><strong>non</strong></span> <span class='ocrx_word' id='word_1_571' title='bbox 1908 2706 2085 2737; x_wconf 83' lang='lat' dir='ltr'><strong>excedant.</strong></span> <span class='ocrx_word' id='word_1_572' title='bbox 2106 2722 2145 2728; x_wconf 92' lang='lat'>—</span> <span class='ocrx_word' id='word_1_573' title='bbox 2161 2706 2189 2736; x_wconf 93' lang='grc' dir='ltr'><strong>Ι-.</strong></span> <span class='ocrx_word' id='word_1_574' title='bbox 2209 2714 2239 2736; x_wconf 91' lang='lat' dir='ltr'><strong>e.</strong></span> <span class='ocrx_word' id='word_1_575' title='bbox 2257 2713 2302 2737; x_wconf 91' lang='lat' dir='ltr'><strong>m.</strong></span> <span class='ocrx_word' id='word_1_576' title='bbox 2317 2705 2374 2737; x_wconf 84' lang='lat' dir='ltr'><strong>ab·</strong></span> 
     </span>
     <span class='ocr_line' id='line_1_62' title="bbox 758 2757 2374 2799; baseline 0.001 -11"><span class='ocrx_word' id='word_1_577' title='bbox 758 2757 829 2788; x_wconf 84' lang='lat' dir='ltr'><strong>bati</strong></span> <span class='ocrx_word' id='word_1_578' title='bbox 847 2759 993 2789; x_wconf 82' lang='lat' dir='ltr'><strong>monast.</strong></span> <span class='ocrx_word' id='word_1_579' title='bbox 1013 2758 1054 2789; x_wconf 89' lang='lat' dir='ltr'><strong>de</strong></span> <span class='ocrx_word' id='word_1_580' title='bbox 1078 2758 1287 2798; x_wconf 66' lang='lat' dir='ltr'><strong>Langedon„</strong></span> <span class='ocrx_word' id='word_1_581' title='bbox 1306 2758 1524 2790; x_wconf 87' lang='lat' dir='ltr'><strong>Cantuarien.</strong></span> <span class='ocrx_word' id='word_1_582' title='bbox 1547 2759 1606 2797; x_wconf 63' lang='lat' dir='ltr'><strong>di„</strong></span> <span class='ocrx_word' id='word_1_583' title='bbox 1633 2761 1666 2790; x_wconf 87' lang='lat' dir='ltr'><strong>et</strong></span> <span class='ocrx_word' id='word_1_584' title='bbox 1687 2760 1813 2791; x_wconf 87' lang='lat' dir='ltr'><strong>decano</strong></span> <span class='ocrx_word' id='word_1_585' title='bbox 1835 2759 2082 2799; x_wconf 62' lang='lat' dir='ltr'><strong>Engolismen„</strong></span> <span class='ocrx_word' id='word_1_586' title='bbox 2105 2767 2143 2790; x_wconf 85' lang='lat' dir='ltr'><strong>ac</strong></span> <span class='ocrx_word' id='word_1_587' title='bbox 2165 2767 2253 2799; x_wconf 83' lang='lat' dir='ltr'><strong>mag.</strong></span> <span class='ocrx_word' id='word_1_588' title='bbox 2269 2759 2374 2790; x_wconf 88' lang='lat' dir='ltr'><strong>Bene-</strong></span> 
     </span>
     <span class='ocr_line' id='line_1_63' title="bbox 759 2801 2031 2853; baseline 0.002 -12"><span class='ocrx_word' id='word_1_589' title='bbox 759 2811 848 2842; x_wconf 86' lang='lat' dir='ltr'><strong>dicto</strong></span> <span class='ocrx_word' id='word_1_590' title='bbox 864 2811 904 2842; x_wconf 90' lang='lat' dir='ltr'><strong>de</strong></span> <span class='ocrx_word' id='word_1_591' title='bbox 921 2810 1060 2848; x_wconf 86' lang='lat' dir='ltr'><strong>Paston,</strong></span> <span class='ocrx_word' id='word_1_592' title='bbox 1078 2819 1150 2842; x_wconf 85' lang='lat' dir='ltr'><strong>ean.</strong></span> <span class='ocrx_word' id='word_1_593' title='bbox 1169 2811 1335 2843; x_wconf 86' lang='lat' dir='ltr'><strong>Exonien.</strong></span> <span class='ocrx_word' id='word_1_594' title='bbox 1353 2812 1434 2843; x_wconf 85' lang='lat' dir='ltr'><strong>eccl.</strong></span> <span class='ocrx_word' id='word_1_595' title='bbox 1456 2813 1508 2851; x_wconf 86' lang='lat' dir='ltr'><strong>(A.</strong></span> <span class='ocrx_word' id='word_1_596' title='bbox 1523 2801 1574 2850; x_wconf 81' lang='lat'><strong>3&#39;1‚</strong></span> <span class='ocrx_word' id='word_1_597' title='bbox 1590 2812 1613 2843; x_wconf 84' lang='lat' dir='ltr'><strong>f.</strong></span> <span class='ocrx_word' id='word_1_598' title='bbox 1628 2814 1668 2844; x_wconf 84' lang='lat'><strong>59</strong></span> <span class='ocrx_word' id='word_1_599' title='bbox 1683 2818 1714 2849; x_wconf 59' lang='grc' dir='ltr'><strong>ις</strong></span> <span class='ocrx_word' id='word_1_600' title='bbox 1739 2812 1770 2843; x_wconf 88' lang='lat' dir='ltr'><strong>V.</strong></span> <span class='ocrx_word' id='word_1_601' title='bbox 1790 2813 1840 2851; x_wconf 87' lang='lat'><strong>87,</strong></span> <span class='ocrx_word' id='word_1_602' title='bbox 1854 2822 1908 2853; x_wconf 89' lang='lat' dir='ltr'><strong>ep.</strong></span> <span class='ocrx_word' id='word_1_603' title='bbox 1923 2812 2031 2852; x_wconf 69' lang='lat'>2695.)</span> 
     </span>
    </p>
   </div>
   <div class='ocr_carea' id='block_1_13' title="bbox 759 2912 2373 2977">
    <p class='ocr_par' dir='ltr' id='par_1_21' title="bbox 759 2912 2373 2977">
     <span class='ocr_line' id='line_1_64' title="bbox 792 2912 2373 2947; baseline 0.002 -12"><span class='ocrx_word' id='word_1_604' title='bbox 792 2912 814 2937; x_wconf 88' lang='lat'><strong>1.</strong></span> <span class='ocrx_word' id='word_1_605' title='bbox 831 2913 867 2938; x_wconf 90' lang='lat' dir='ltr'><strong>In</strong></span> <span class='ocrx_word' id='word_1_606' title='bbox 881 2912 1013 2944; x_wconf 79' lang='lat' dir='ltr'><strong>margine</strong></span> <span class='ocrx_word' id='word_1_607' title='bbox 1028 2913 1151 2944; x_wconf 83' lang='lat' dir='ltr'><strong>regestri</strong></span> <span class='ocrx_word' id='word_1_608' title='bbox 1166 2912 1374 2939; x_wconf 78' lang='lat' dir='ltr'><strong>Avinionensis</strong></span> <span class='ocrx_word' id='word_1_609' title='bbox 1389 2912 1498 2945; x_wconf 77' lang='lat' dir='ltr'><strong>legitur</strong></span> <span class='ocrx_word' id='word_1_610' title='bbox 1513 2921 1519 2938; x_wconf 91' lang='lat'>:</span> <span class='ocrx_word' id='word_1_611' title='bbox 1539 2923 1549 2936; x_wconf 79' lang='grc' dir='ltr'>ι</span> <span class='ocrx_word' id='word_1_612' title='bbox 1568 2914 1649 2939; x_wconf 80' lang='lat' dir='ltr'><strong>Missa</strong></span> <span class='ocrx_word' id='word_1_613' title='bbox 1663 2915 1718 2947; x_wconf 80' lang='lat' dir='ltr'><strong>suit</strong></span> <span class='ocrx_word' id='word_1_614' title='bbox 1727 2915 1759 2939; x_wconf 84' lang='lat' dir='ltr'><strong>de</strong></span> <span class='ocrx_word' id='word_1_615' title='bbox 1772 2915 1885 2940; x_wconf 82' lang='lat' dir='ltr'><strong>Camera</strong></span> <span class='ocrx_word' id='word_1_616' title='bbox 1897 2915 1953 2939; x_wconf 78' lang='lat' dir='ltr'><strong>sine</strong></span> <span class='ocrx_word' id='word_1_617' title='bbox 1969 2914 2105 2940; x_wconf 66' lang='lat' dir='ltr'><strong>taxaIIone</strong></span> <span class='ocrx_word' id='word_1_618' title='bbox 2120 2914 2145 2939; x_wconf 73' lang='lat' dir='ltr'><strong>et</strong></span> <span class='ocrx_word' id='word_1_619' title='bbox 2157 2913 2213 2939; x_wconf 76' lang='lat' dir='ltr'><strong>sine</strong></span> <span class='ocrx_word' id='word_1_620' title='bbox 2222 2913 2298 2946; x_wconf 65' lang='lat' dir='ltr'><strong>signo</strong></span> <span class='ocrx_word' id='word_1_621' title='bbox 2309 2914 2373 2938; x_wconf 74' lang='lat' dir='ltr'><strong>vice-</strong></span> 
     </span>
     <span class='ocr_line' id='line_1_65' title="bbox 759 2951 954 2977; baseline 0.01 -2"><span class='ocrx_word' id='word_1_622' title='bbox 759 2951 926 2977; x_wconf 72' lang='lat' dir='ltr'><strong>cancellarii.</strong></span> <span class='ocrx_word' id='word_1_623' title='bbox 944 2961 954 2976; x_wconf 73' lang='grc' dir='ltr'><strong><em>ι</em></strong></span> 
     </span>
    </p>
   </div>
   <div class='ocr_carea' id='block_1_14' title="bbox 758 2992 2374 3058">
    <p class='ocr_par' dir='ltr' id='par_1_22' title="bbox 758 2992 2374 3058">
     <span class='ocr_line' id='line_1_66' title="bbox 789 2992 2374 3026; baseline 0.001 -10"><span class='ocrx_word' id='word_1_624' title='bbox 789 2992 813 3016; x_wconf 82' lang='grc'><strong>2.</strong></span> <span class='ocrx_word' id='word_1_625' title='bbox 835 2992 869 3017; x_wconf 91' lang='lat' dir='ltr'><strong>In</strong></span> <span class='ocrx_word' id='word_1_626' title='bbox 886 2992 1019 3024; x_wconf 81' lang='lat' dir='ltr'><strong>margine</strong></span> <span class='ocrx_word' id='word_1_627' title='bbox 1040 2993 1165 3025; x_wconf 82' lang='lat' dir='ltr'><strong>regestri</strong></span> <span class='ocrx_word' id='word_1_628' title='bbox 1180 2993 1388 3019; x_wconf 81' lang='lat' dir='ltr'><strong>Avinionensis</strong></span> <span class='ocrx_word' id='word_1_629' title='bbox 1414 2993 1523 3026; x_wconf 84' lang='lat' dir='ltr'><strong>legitur</strong></span> <span class='ocrx_word' id='word_1_630' title='bbox 1541 3002 1548 3019; x_wconf 91' lang='lat'>:</span> <span class='ocrx_word' id='word_1_631' title='bbox 1568 3004 1579 3018; x_wconf 79' lang='grc' dir='ltr'>ι</span> <span class='ocrx_word' id='word_1_632' title='bbox 1595 2995 1677 3020; x_wconf 73' lang='lat' dir='ltr'><strong>Missa</strong></span> <span class='ocrx_word' id='word_1_633' title='bbox 1691 2994 1725 3020; x_wconf 83' lang='lat' dir='ltr'><strong>de</strong></span> <span class='ocrx_word' id='word_1_634' title='bbox 1742 2995 1854 3021; x_wconf 83' lang='lat' dir='ltr'><strong>Camera</strong></span> <span class='ocrx_word' id='word_1_635' title='bbox 1874 2995 1931 3020; x_wconf 73' lang='lat' dir='ltr'><strong>eine</strong></span> <span class='ocrx_word' id='word_1_636' title='bbox 1949 2994 2084 3020; x_wconf 72' lang='lat' dir='ltr'><strong>taz-atione</strong></span> <span class='ocrx_word' id='word_1_637' title='bbox 2103 2995 2129 3019; x_wconf 82' lang='lat' dir='ltr'><strong>el</strong></span> <span class='ocrx_word' id='word_1_638' title='bbox 2145 2994 2202 3019; x_wconf 73' lang='lat' dir='ltr'><strong>sine</strong></span> <span class='ocrx_word' id='word_1_639' title='bbox 2218 2993 2292 3026; x_wconf 73' lang='lat' dir='ltr'><strong>siquo</strong></span> <span class='ocrx_word' id='word_1_640' title='bbox 2308 2993 2374 3019; x_wconf 76' lang='lat' dir='ltr'><strong>vice-</strong></span> 
     </span>
     <span class='ocr_line' id='line_1_67' title="bbox 758 3032 1026 3058; baseline 0.007 -2"><span class='ocrx_word' id='word_1_641' title='bbox 758 3032 924 3058; x_wconf 82' lang='lat' dir='ltr'><strong>cancellarii.</strong></span> <span class='ocrx_word' id='word_1_642' title='bbox 939 3042 950 3057; x_wconf 85' lang='lat'><strong>»</strong></span> <span class='ocrx_word' id='word_1_643' title='bbox 1023 3035 1026 3037; x_wconf 85' lang='lat'>&#39;</span> 
     </span>
    </p>
   </div>
   <div class='ocr_carea' id='block_1_15' title="bbox 2452 0 2560 3476">
    <p class='ocr_par' dir='ltr' id='par_1_23' title="bbox 2452 0 2560 3476">
     <span class='ocr_line' id='line_1_68' title="bbox 2452 0 2560 3476; baseline 0 0"><span class='ocrx_word' id='word_1_644' title='bbox 2452 0 2560 3476; x_wconf 95' lang='lat' dir='ltr'><strong> </strong></span> 
     </span>
    </p>
   </div>
  </div>
 </body>
</html>
