2606 3490
232 419 338 447 Datum
356 411 543 447 Avenione.

271 788 314 817 *23
332 792 385 817 oct.
406 788 495 816 1327.

284 837 315 870 (x
331 834 390 861 kal.
406 835 486 867 nov.)

331 879 362 906 T.
384 879 440 910 Lx.

343 1111 380 1138 Ut
399 1119 423 1140 s.

328 1156 358 1183 T.
376 1156 433 1183 XX.

341 1322 378 1350 Ut
397 1331 422 1350 s.

304 1366 335 1395 T.
356 1367 452 1394 XXIV.

343 1483 379 1511 Ut
396 1492 419 1511 s.

224 1527 272 1556 Gr.
292 1537 344 1564 pro
359 1536 436 1564 pers.
453 1529 533 1556 card.

341 1696 377 1724 Ut
397 1706 421 1725 s.

289 1741 320 1777 T.
337 1741 384 1776 XI,
400 1742 473 1770 XIII.

341 1857 376 1885 Ut
393 1865 416 1885 S.

336 1963 372 1990 Ut
393 1972 416 1990 s.

303 2007 334 2035 Τ.
355 2008 451 2035 XXIV.

235 2118 237 2120 ’
259 2121 301 2150 24
320 2126 374 2152 oct.
401 2124 491 2154 1327.

215 2187 218 2190 ,
271 2171 314 2203 (ix
329 2168 388 2196 kal.
404 2169 483 2202 nov.)

283 2213 315 2241 Τ.
331 2214 378 2248 XI,
394 2214 468 2242 XIII.

227 2309 230 2312 .
335 2285 373 2314 Ut
389 2294 415 2313 s.

282 2329 314 2358 T.
332 2330 379 2364 XI,
395 2330 469 2360 XIII.

332 2497 370 2526 Ut
390 2506 414 2526 s.

283 2541 314 2569 T.
331 2541 378 2576 xl,
393 2542 466 2570 XIII.

340 2764 374 2791 [t
395 2772 418 2792 s.

599 325 774 357 JOANNIS
796 325 916 357 PAPAE
937 325 1041 357 XXII.
1064 325 1315 366 (1313-1334).
1337 342 1377 348 —
1399 324 1587 355 LITTERAE
1609 323 1837 356 COMMUNES
2202 327 2242 357 45

635 518 715 549 aliis
732 518 798 550 eid.
819 517 969 558 bospitio
993 516 1175 557 contiguis,
1191 516 1234 547 ad
1255 517 1297 548 R.
1315 516 1354 547 E.
1372 515 1556 552 devolutis,
1572 524 1634 555 pro
1656 516 1830 547 fundando
1848 516 2002 556 ipsarum
2027 520 2172 550 monast.
2192 528 2245 550 su·

633 572 800 612 pradicto‚
817 580 894 602 cum
914 571 954 602 ad
973 571 1009 602 id
1027 578 1095 601 non
1115 569 1289 600 sufficiant
1310 570 1351 601 50
1373 570 1537 600 saumatae
1555 578 1696 600 annonae
1718 569 1897 601 censuales
1913 571 1946 601 et
1965 570 2033 601 alia
2053 570 2141 602 bona
2158 573 2246 612 ipsis

634 633 654 656 a
674 625 870 665 supradicto
889 624 1045 656 Guidone
1070 623 1250 660 Guidonis,
1269 621 1402 654 haerede
1427 622 1559 662 praefati
1587 622 1744 662 Hugonis
1772 623 1969 663 Raymundi
1991 624 2031 655 de
2061 624 2244 664 Cadaneto‚

633 678 839 710 liberalitate
862 679 1011 718 erogata.
1034 676 1087 717 (A.
1111 678 1162 712 29,
1182 676 1205 707 f.
1224 676 1285 708 264
1302 675 1333 713 ὶ);
1354 674 1388 706 V.
1406 677 1458 711 85,
1476 684 1528 715 ep.
1552 677 1614 708 250
1620 685 1629 712 3
1653 675 1758 707 Gallia
1782 675 1975 714 Christiana,
1994 677 2019 708 t.
2037 678 2063 715 Ι,
2080 678 2244 718 lustrum„

633 732 696 763 col.
719 733 804 770 157.)

678 782 815 815 30154.
835 802 874 807 -
891 783 1014 815 Iisdem.
1034 784 1122 816 Unio
1144 782 1312 814 ruralium
1335 784 1416 814 eccl.
1437 783 1600 815 Omnium
1626 784 1827 815 Sanctorum
1851 785 1884 815 et
1910 792 1938 814 s.
1954 784 2079 816 Hilarii
2098 785 2243 817 invicem

632 839 821 875 unitarum,
846 837 1124 877 Carpentoraten.
1150 836 1211 872 di.,
1236 837 1278 867 ad
1302 836 1486 868 abbatissae
1508 838 1542 867 et
1566 845 1660 868 conv.
1687 837 1925 876 praedictorum
1946 837 2057 870 collat.
2077 847 2139 870 seu
2161 848 2245 879 prae-

633 891 859 923 sentationem
884 890 1125 930 spectantium,
1149 898 1210 929 per
1231 890 1417 922 monialem
1438 890 1518 921 dicti
1540 899 1636 921 conv.
1658 890 1738 930 gub.
1761 891 2001 922 consuetarum
2024 893 2057 923 et
2076 900 2137 932 per
2160 892 2243 924 obit.

632 945 739 977 Audae
761 944 902 982 Pontiae,
921 944 1088 975 dictarum
1117 944 1198 975 eccl.
1221 944 1408 983 priorissae,
1427 953 1479 984 ap.
1503 944 1536 975 S.
1557 944 1597 975 A.
1618 943 1746 983 praevia
1768 952 1894 976 reserV.
1914 954 1999 982 vac„
2018 945 2107 977 facta
2128 946 2244 978 favore

632 998 828 1030 earumdem
856 998 1058 1029 monialium
1082 998 1115 1029 et
1137 1006 1254 1029 earum
1277 999 1422 1029 monast.
1446 998 1487 1029 de
1512 1005 1599 1029 novo
1625 997 1803 1029 fundandi.
1825 997 1877 1036 (Α.
1896 999 1948 1035 29,
1969 998 1993 1029 f.
2010 1000 2069 1030 265
2085 1004 2114 1035 ⁸;
2140 999 2175 1031 V.
2191 1002 2243 1039 85,

632 1061 685 1092 ep.
702 1053 789 1089 261.)
1321 1061 1325 1064 ·
1925 1059 1931 1065 ·

676 1102 814 1135 30155.
833 1122 873 1127 -
890 1104 1003 1135 Iisdem
1027 1107 1144 1136 notum
1166 1105 1203 1136 fit
1221 1105 1396 1136 decretum
1411 1113 1473 1144 per
1496 1104 1588 1144 quod
1606 1104 1662 1143 jus
1689 1106 1901 1144 patronatus,
1920 1106 2010 1145 quod
2034 1106 2187 1140 obtinent
2209 1109 2245 1140 in

630 1159 739 1190 rurali
760 1159 841 1190 eccl.
858 1167 886 1190 s.
901 1158 1054 1190 Mauritii
1081 1159 1121 1190 de
1146 1159 1279 1197 Balma,
1297 1159 1394 1190 dictae
1420 1158 1479 1194 di.,
1495 1167 1572 1189 cum
1599 1158 1644 1189 iis
1671 1167 1707 1189 sc
1734 1158 2021 1190 transferentibus
2051 1161 2093 1191 ad
2117 1170 2243 1193 novum

631 1212 890 1248 monasterium,
907 1213 942 1243 in
966 1212 1104 1244 civitate
1130 1212 1359 1244 Cavallicensi
1385 1213 1628 1249 constructum,
1649 1212 1797 1243 transire
1814 1212 1935 1243 debeat
1955 1214 1988 1244 et
2008 1214 2049 1244 ad
2065 1222 2122 1245 eas
2141 1216 2243 1255 perti-

630 1275 721 1297 nere.
741 1266 794 1305 (A.
813 1268 864 1304 29,
884 1266 907 1297 f.
924 1266 984 1298 255
1003 1266 1031 1303 ¹²;
1057 1266 1093 1297 V.
1110 1267 1162 1302 85,
1179 1275 1232 1306 ep.
1249 1267 1336 1305 262.)

675 1317 812 1350 30156.
833 1337 871 1343 -
886 1320 975 1361 E'p.o
1001 1319 1173 1350 Tornacen.
1204 1320 1318 1351 mand.
1342 1329 1402 1359 pro
1425 1320 1576 1359 dispens.
1597 1328 1700 1359 super
1722 1324 1768 1350 1v⁰
1786 1319 1879 1351 affin.
1899 1321 2004 1360 gradu
2030 1322 2065 1352 in
2091 1323 2242 1355 matrim.

627 1373 699 1413 jam
714 1375 885 1405 contracto
908 1375 997 1405 inter
1023 1374 1229 1405 Balduinum
1255 1374 1398 1409 Borluit,
1417 1374 1556 1409 laicum,
1575 1375 1607 1404 et
1630 1373 1808 1413 Agatham‚
1828 1375 1942 1404 natam
1967 1374 2100 1406 Nicolai
2125 1376 2165 1407 de
2179 1377 2245 1408 Pu-

629 1428 696 1464 teo,
714 1428 902 1467 oppidanos
918 1428 1009 1459 villae
1024 1427 1191 1463 Gauden„
1211 1428 1398 1459 Tornacen.
1415 1427 1461 1459 di.
1481 1427 1536 1468 (A.
1553 1429 1603 1465 29,
1624 1427 1647 1458 f.
1663 1428 1724 1458 285
1739 1432 1768 1463 ⁸3
1791 1427 1826 1458 V.
1843 1428 1895 1465 85,
1913 1437 1965 1468 ep.
1983 1429 2070 1467 298.)

675 1478 815 1511 30157.
830 1500 867 1504 -
884 1481 1071 1520 Βεντναηάο,
1089 1481 1122 1512 S.
1140 1480 1182 1513 M.
1201 1482 1234 1512 in
1251 1481 1372 1522 Aquiro
1396 1481 1475 1513 diac.
1495 1481 1595 1517 card.‚
1613 1481 1736 1512 dantur
1753 1481 1787 1511 in
1815 1482 2013 1513 commenda
2033 1483 2241 1523 archipresb.

630 1537 662 1566 et
680 1535 824 1567 basilica
841 1536 922 1567 eccl.
939 1536 1156 1573 Latemnen„
1171 1544 1231 1575 per
1247 1535 1327 1567 obit.
1344 1536 1436 1566 Petri
1456 1544 1483 1566 s.
1501 1535 1624 1575 Angeli
1643 1535 1731 1566 diac.
1749 1535 1853 1572 card„
1869 1535 1958 1575 apud
1974 1536 2007 1567 S.
2021 1537 2061 1567 A.
2079 1537 2243 1575 defuncti,

629 1589 797 1627 vacantia,
817 1598 893 1620 cum
918 1589 1072 1629 dispens.
1102 1599 1122 1620 a
1140 1590 1342 1621 Lateranen.
1372 1591 1404 1620 et
1430 1589 1580 1629 generali
1605 1588 1762 1620 conciliis
1789 1597 1893 1628 super
1922 1589 2243 1629 incompatibilitate

627 1642 839 1682 pluralitatis
856 1643 1113 1675 beneficiorum.
1131 1643 1182 1683 (A.
1203 1644 1253 1682 29,
1274 1643 1296 1674 f.
1313 1644 1374 1675 308
1389 1648 1418 1680 ·;
1440 1643 1476 1674 V.
1498 1643 1549 1680 85,
1569 1651 1620 1682 ep.
1636 1642 1724 1682 330.)

673 1693 809 1726 30158.
827 1715 865 1719 —
885 1696 1055 1728 Guillermo
1084 1697 1229 1735 Vassalh,
1256 1697 1371 1728 rectori
1386 1696 1518 1737 paroch.
1545 1695 1618 1727 eccl.
1633 1696 1670 1726 de
1694 1695 1861 1734 Novovico,
1885 1695 2079 1729 Xanctonen.
2101 1698 2159 1736 di.,
2175 1699 2242 1730 dis-

627 1758 723 1788 pens.
734 1751 771 1781 ut
787 1751 942 1781 eamdem
958 1750 1038 1782 eccl.
1054 1750 1122 1790 ipsi
1137 1752 1225 1782 auct.
1241 1752 1349 1790 apost.
1368 1750 1528 1781 collatam
1545 1750 1691 1780 retinere
1707 1749 1820 1780 valeat
1836 1750 1994 1789 quamvis
2011 1751 2100 1782 infra
2116 1761 2243 1784 annum

627 1811 693 1834 non
711 1812 747 1834 se
765 1803 880 1835 fecerit
896 1804 930 1834 in
947 1803 1187 1844 presbyterum
1205 1803 1411 1843 promoveri.
1430 1803 1482 1843 (A.
1500 1805 1552 1838 29,
1570 1803 1592 1834 f.
1612 1804 1672 1834 319
1688 1802 1717 1838 ¹³3
1744 1802 1779 1833 V.
1797 1804 1848 1839 85,
1867 1812 1918 1842 ep.
1937 1805 2022 1842 425.)

672 1854 809 1886 30159.
830 1874 867 1879 -
883 1857 1061 1893 Bertrando
1087 1867 1157 1898 ep.o
1182 1857 1311 1888 Rivensi
1334 1857 1477 1888 facultas
1495 1865 1512 1887 e
1530 1856 1625 1887 curia
1648 1856 1827 1887 recedendi
1848 1859 1925 1896 post
1950 1858 2241 1890 consecrationem

627 1919 687 1950 per
701 1911 932 1950 Raynaldum‚
949 1920 1063 1951 epum
1082 1911 1289 1948 Ostiensem,
1311 1911 1378 1950 ipsi
1394 1911 1564 1942 collatam.
1584 1910 1638 1949 (V.
1654 1911 1705 1946 85,
1725 1919 1778 1949 ep.
1794 1911 1880 1949 580.)

672 1961 809 1993 30160.
826 1981 865 1986 ——
884 1965 1120 1996 Reservantur
1143 1965 1319 1996 collationi
1345 1965 1378 1996 S.
1397 1966 1438 1995 A.
1459 1964 1591 1995 rurales
1613 1963 1764 1994 ecclesiae
1782 1972 1809 1994 s.
1826 1964 1970 1994 Joannis
1986 1966 2018 1995 et
2035 1974 2062 1995 s.
2079 1965 2241 2005 Stephani

627 2017 668 2048 de
681 2017 796 2055 Misol,
815 2018 982 2049 Viennen.
1002 2018 1061 2053 di.,
1075 2027 1135 2058 per
1151 2018 1280 2049 obitum
1296 2018 1439 2049 Joannis
1456 2018 1497 2049 de
1515 2017 1653 2056 Capella
1669 2019 1766 2048 extra
1781 2017 1911 2048 curiam
1926 2020 2096 2049 vacantes
2117 2019 2168 2058 (A.
2186 2021 2238 2058 30,

606 2081 610 2085 ’
626 2071 649 2103 f.
667 2073 706 2102 32
723 2077 752 2108 ὃς
779 2071 819 2102 V:
829 2073 880 2109 86,
898 2080 950 2111 ep.
968 2073 1074 2111 1154.)

671 2122 808 2155 30161.
829 2144 867 2148 -
886 2125 1047 2166 Stephano
1062 2125 1244 2166 Raymundi
1256 2125 1370 2156 collat.
1387 2133 1506 2156 canon.
1528 2124 1591 2155 sub
1614 2133 1710 2163 exsp.
1727 2124 1830 2163 praeb.
1852 2133 1927 2155 cum
1945 2125 2190 2163 praestimoniis
2207 2128 2240 2158 et

624 2179 955 2218 praestimonialibus
979 2179 1197 2219 portionibus
1217 2179 1298 2210 eccl.
1323 2168 1466 2210 Aurien.
1483 2197 1521 2202 -——
1544 2179 1570 2209 Ι.
1594 2187 1623 2209 6.
1643 2187 1688 2209 m.
1711 2187 1786 2217 ep.o
1808 2179 2028 2218 AEgitanien.‚
2044 2181 2078 2210 et
2101 2180 2238 2212 scolast.

624 2233 843 2272 AEgitanien.,
865 2242 903 2264 ac
917 2233 1042 2264 Joanni
1062 2233 1248 2271 Vincentii‚
1266 2242 1338 2264 can.
1355 2233 1560 2264 Bracharen.
1578 2232 1658 2263 eccl.
1685 2231 1737 2271 (A.
1755 2233 1806 2271 29,
1821 2232 1914 2262 f.248
1926 2238 1953 2269 ²;
1970 2232 2001 2262 V.
2015 2233 2066 2270 85,
2084 2242 2136 2272 ep.
2151 2234 2240 2274 233.)

669 2284 807 2316 30162.
829 2305 868 2310 —
888 2286 1044 2318 Gunsalvo
1057 2287 1146 2318 Petri
1158 2287 1195 2317 de
1216 2287 1405 2324 vimaranis,
1426 2286 1499 2317 cler.
1518 2286 1712 2317 Bracharen.
1730 2285 1786 2323 di.,
1806 2286 1915 2324 gratia
1937 2294 2032 2326 exsp.
2050 2296 2144 2326 perp.
2163 2296 2238 2326 por-

622 2340 728 2371 tionis
747 2349 824 2371 cum
847 2340 1093 2380 praestimoniis
1112 2342 1144 2372 et
1167 2339 1496 2380 praestimonialibus
1519 2339 1735 2379 portionibus
1761 2339 1843 2370 6661.
1867 2340 2013 2379 Burgen.
2037 2358 2075 2362 --
2099 2341 2125 2371 Ι.
2143 2349 2172 2371 6.
2189 2349 2236 2371 m.

623 2402 699 2434 ep.o
713 2394 954 2434 AEgitaniensi,
966 2396 998 2426 et
1012 2394 1163 2426 Oliverio
1180 2394 1220 2425 de
1236 2395 1388 2431 carzeto,
1401 2394 1588 2430 pictaven„
1606 2401 1678 2432 cap.
1695 2393 1779 2428 PP.,
1794 2394 1894 2432 atque
1909 2394 2032 2424 Joanni
2049 2394 2233 2432 vincentii,

622 2447 826 2483 Bracharen.
847 2449 1021 2480 canonicis
1037 2448 1117 2480 6661.
1136 2448 1187 2487 (Α.
1206 2449 1257 2485 29,
1278 2447 1301 2478 f.
1321 2448 1381 2478 277
1397 2447 1425 2484 ¹³3
1449 2447 1484 2478 V.
1501 2448 1554 2483 85,
1574 2456 1625 2486 ep.
1643 2448 1730 2485 281.)

668 2499 807 2532 30163.
827 2520 865 2524 -
877 2502 993 2533 Joanm'
1009 2502 1098 2532 Petri
1114 2502 1251 2533 collatio
1265 2509 1384 2532 canon.
1397 2500 1460 2532 sub
1476 2509 1571 2540 exsp.
1589 2500 1692 2540 praeb.
1707 2508 1783 2531 cum
1799 2500 2041 2540 praestimoniis
2058 2501 2139 2532 eccl.
2154 2501 2232 2532 Car·

621 2555 789 2595 taginen.;
808 2564 875 2586 non
893 2555 981 2587 obst.
1003 2556 1039 2586 in
1063 2555 1234 2586 Palentin.
1258 2563 1376 2586 canon.
1398 2555 1430 2585 et
1454 2554 1572 2594 presb„
1593 2555 1625 2584 et
1645 2554 1680 2584 in
1703 2553 1856 2584 Toletan.
1877 2554 2023 2593 quadam
2042 2563 2135 2593 perp.
2160 2563 2234 2593 por-

621 2609 724 2646 tione,
741 2609 888 2649 quodam
907 2609 1058 2648 simplici
1075 2609 1241 2640 beneficio
1266 2608 1301 2638 in
1318 2608 1351 2639 S.
1372 2608 1417 2639 M.
1443 2608 1484 2639 de
1510 2607 1650 2644 Flestis‚
1672 2607 1826 2638 Toletan.
1848 2607 1907 2644 di.,
1932 2607 2027 2645 6661.,
2047 2616 2083 2638 ac
2105 2607 2232 2638 ibidem

621 2662 869 2701 praestimoniis
888 2671 956 2693 non
972 2662 1027 2693 hic
1045 2662 1234 2702 expressis.
1249 2679 1285 2684 -—
1303 2662 1343 2692 In
1364 2670 1392 2692 e.
1417 2670 1462 2692 m.
1485 2669 1562 2700 ep.o
1586 2660 1801 2697 Civitatensi,
1825 2661 1858 2691 et
1876 2659 2001 2690 archid.
2020 2659 2178 2696 Abulen.‚
2195 2668 2232 2690 ac

620 2712 831 2747 thesaurario
849 2715 1106 2756 Cartaginensis
1122 2715 1202 2747 eccl.
1223 2715 1275 2754 (A.
1291 2716 1343 2751 29,
1359 2715 1383 2746 f.
1398 2716 1460 2746 592
1476 2719 1504 2751 *3
1532 2713 1564 2744 V.
1581 2715 1632 2750 85,
1652 2722 1703 2753 ep.
1720 2714 1806 2751 912.)

666 2766 802 2798 30164.
821 2787 858 2792 -
881 2769 1056 2800 Bertrando
1074 2769 1222 2808 Arnaldi,
1246 2779 1315 2800 can.
1331 2768 1546 2805 sistaricensi,
1565 2776 1659 2807 prov.
1679 2766 1912 2806 praepositurae
1932 2766 2014 2797 eccl.
2032 2765 2231 2797 Sistaricen-

621 2822 684 2860 sis,
701 2831 776 2853 cum
793 2823 897 2862 praeb.
917 2824 950 2854 et
973 2823 1052 2854 aliis
1070 2823 1137 2854 sibi
1162 2823 1305 2854 annexis
1331 2831 1368 2853 ac
1391 2820 1663 2862 dependentibus
1686 2819 1728 2851 ab
1749 2819 1878 2856 eadem,
1894 2828 1954 2858 per
1979 2819 2230 2850 assecutionem

621 2875 744 2907 factam
757 2885 776 2906 a
785 2876 955 2916 Stephano
966 2877 1007 2908 de
1020 2876 1108 2907 Pinu
1120 2877 1160 2908 de
1175 2876 1400 2916 praepositura
1410 2875 1491 2906 eccl.
1505 2873 1764 2908 Cavallicensis,
1777 2881 1853 2903 cum
1865 2872 2064 2903 canonicatu
2076 2873 2109 2902 et
2124 2872 2228 2911 praeb.

621 2928 686 2960 sibi
705 2930 861 2967 annexis,
878 2938 921 2961 ex
937 2930 1118 2961 collatione
1137 2930 1238 2969 Papae
1255 2929 1406 2961 vacantis
1413 2938 1422 2965 3
1443 2928 1594 2968 priorem
1610 2926 1838 2966 praebendam,
1858 2934 1960 2965 quam
1978 2924 2107 2956 obtinet
2126 2925 2161 2956 in
2177 2934 2228 2956 ea-

621 2981 697 3012 dem
716 2982 797 3013 eccl.
813 2983 1046 3020 Sistaricensi,
1069 2983 1230 3014 dimittat.
1250 3000 1288 3006 —
1303 2982 1344 3014 In
1362 2991 1390 3014 e.
1410 2991 1455 3013 m.
1475 2990 1551 3021 ep.o
1574 2979 1770 3015 Tolonensi,
1790 2979 1822 3010 et
1848 2977 1962 3009 abbati
1989 2978 2134 3009 monast.
2151 2978 2229 3010 Cro·

593 3060 594 3063 ,
621 3034 721 3072 cien„
738 3035 936 3067 sistaricen.
956 3035 1017 3074 di.,
1034 3045 1072 3068 ac
1087 3045 1191 3076 praep.
1209 3036 1289 3068 eccl.
1308 3034 1566 3067 Avinionensis.
1582 3034 1636 3073 (A.
1653 3034 1704 3071 29,
1718 3032 1742 3063 f.
1757 3033 1817 3063 618
1834 3036 1863 3069 ⁸3
1888 3030 1923 3063 V.
1941 3032 1992 3067 85,
2011 3040 2064 3071 ep.
2081 3031 2169 3072 949.)
