2560 3476
618 336 792 370 JOANNIS
815 335 935 370 PAPAE
956 335 1059 377 XXII.
1083 335 1331 375 (1316-1334).
1356 353 1394 358 —
1415 334 1602 366 LITTERAE
1625 335 1851 367 COMMUNES
2194 339 2254 370 373

252 435 358 463 Datum
377 427 563 463 Avenione.

652 531 689 563 in
708 530 802 573 civit.
818 529 873 561 vel
891 529 936 560 di.
950 529 1071 560 Elnen.
1091 545 1127 550 —
1147 529 1186 560 In
1203 537 1232 560 e.
1251 538 1295 560 m.
1318 537 1346 559 s.
1364 529 1541 560 Michaelis
1556 530 1596 560 de
1611 529 1763 565 Cuxano,
1778 531 1809 561 et
1825 531 1860 563 S.
1873 531 1918 561 M.
1933 530 1973 561 de
1986 531 2115 569 Arulis,
2133 532 2254 564 Elnen.

654 585 715 622 di.,
747 584 893 614 monast.
927 581 1120 619 abbatibus,
1147 590 1185 613 ac
1213 582 1418 621 Raymundo
1438 583 1478 613 de
1508 582 1766 622 Argilagueriis,
1795 592 1868 615 can.
1893 584 2098 624 Urgellensi.
2123 585 2177 625 (A.
2203 587 2255 621 33,

653 638 677 669 f.
695 637 735 669 58
751 636 782 673 ὓς
807 635 841 667 V.
859 636 910 673 88,
929 644 981 675 ep.
1000 634 1107 672 3325.)

295 696 334 725 25
348 704 416 731 augy.
435 695 524 724 1328.
698 687 835 719 42271.
853 707 890 711 -
902 687 1064 718 Ber-nardo
1076 687 1160 718 Roca
1176 687 1263 718 conf.
1279 687 1423 718 ecclesia
1436 697 1463 719 s.
1482 688 1620 719 Thomae
1634 689 1841 720 Nemausen.
1859 698 1888 720 s.
1905 698 1946 726 c.,
1965 698 2035 721 vac.
2056 699 2114 730 per
2129 691 2258 722 obitum

286 742 354 777 (vm
367 740 426 768 kal.
444 739 532 775 sept.)
652 743 770 775 Jacobi
787 743 828 773 de
843 741 989 772 Loberia
1005 741 1094 780 apud
1110 741 1143 772 S.
1165 741 1208 771 A.
1226 739 1389 771 defuncti.
1407 757 1446 762 —
1464 741 1491 772 Ι.
1509 749 1537 771 e.
1555 749 1600 771 m.
1619 742 1839 773 Corbciarum
1856 742 2065 780 Narbonem,
2082 745 2115 774 et
2131 744 2171 774 de
2189 744 2260 775 Sal-

313 785 343 812 T.
363 785 412 819 X¹³
432 783 505 811 xm·
621 817 622 822 η
652 796 753 830 dania
767 795 949 835 Legionen.
974 794 1148 830 archid.is,
1173 801 1211 824 ac
1233 793 1356 824 Joanni
1380 793 1539 831 Ranaldi,
1557 803 1629 825 can.
1645 794 1850 826 Cavallicen.
1875 795 1954 826 eccl.
1984 796 2038 836 (A.
2059 798 2110 832 31,
2134 797 2157 828 f.
2175 798 2214 829 50
2230 802 2258 834 ⁸3

658 849 695 882 V.
711 851 762 887 87,
782 857 835 888 ep.
853 849 960 887 2667.)
1494 878 1496 880 ,

371 908 408 936 Ut
422 917 445 935 s.
698 899 834 931 42272.
852 919 892 924 -
905 900 1081 932 Raimundo
1093 899 1239 937 Joannis,
1258 899 1339 930 alias
1357 900 1518 936 Laxcoutz,
1535 909 1635 940 praep.
1656 900 1728 931 eccl.
1746 901 1875 942 Reqen„
1898 911 1988 942 papae
2004 902 2119 942 famil„
2138 903 2260 934 indult.

311 953 343 980 'l'-
362 952 422 985 ΧΠ,
435 951 506 978 ΧΠ·
654 956 696 987 ad
713 955 984 996 quinquennium
1000 953 1212 993 percipiendi
1229 953 1360 984 fructus
1376 952 1488 984 benef.
1508 961 1648 984 suorum
1665 953 1792 993 absque
1809 954 2005 992 residentia,
2025 965 2127 986 causa
2144 956 2259 987 studii.

652 1026 692 1032 -
707 1008 735 1040 Ι.
752 1017 782 1040 e.
799 1017 843 1039 m.
862 1016 938 1048 ep.o
953 1007 1089 1043 Riven.,
1107 1009 1139 1037 et
1154 1006 1269 1037 abbati
1285 1007 1430 1037 monast.
1457 1014 1485 1036 s.
1511 1006 1605 1037 Petri
1623 1007 1663 1037 de
1679 1007 1831 1044 Usercia,
1847 1008 2062 1039 Lemovicen.
2079 1009 2138 1046 di.,
2155 1017 2192 1040 ac
2209 1018 2264 1040 ar-

654 1062 742 1094 chid.
756 1061 886 1101 Figiaci
900 1061 937 1092 in
954 1060 1099 1092 ecclesia
1111 1060 1321 1091 Caturcensi.
1343 1059 1395 1098 (A.
1415 1061 1465 1096 31,
1484 1059 1506 1090 f.
1521 1061 1560 1091 56
1579 1065 1607 1095 ²;
1630 1059 1666 1091 V.
1681 1061 1732 1097 87,
1752 1069 1805 1099 ep.
1821 1061 1929 1099 2680.)

373 1119 411 1148 Ut
426 1127 450 1147 ε.
699 1112 840 1144 42273.
855 1132 895 1138 -
918 1113 1081 1155 Stephano
1109 1111 1251 1143 Mercerii
1272 1112 1310 1143 de
1337 1112 1488 1150 Valentia,
1506 1112 1578 1143 eccl.
1604 1112 1777 1143 Valentinae
1797 1123 1865 1144 can.
1889 1117 1918 1144 et
1941 1115 2148 1155 porte'onart'o,
2167 1124 2262 1155 prov.

263 1166 294 1193 T.
312 1165 348 1192 XI
366 1165 411 1199 ¹l2‚
429 1163 492 1192 Xln
513 1163 559 1199 ¹l8·
655 1177 774 1199 canon.
798 1169 831 1199 et
846 1167 949 1207 praeb.
970 1167 1051 1198 eccl.
1069 1175 1097 1197 s.
1113 1166 1234 1198 Crucis
1254 1165 1456 1197 Leodiensis
1472 1166 1667 1196 vacantium
1685 1175 1744 1205 per
1755 1166 1899 1197 liberam
1911 1167 2175 1206 resignationem
2190 1177 2264 1208 quae

655 1230 674 1253 a
688 1222 820 1253 Joanne
838 1221 994 1252 Mercerii
1010 1220 1046 1251 in
1059 1219 1218 1251 manibus
1231 1219 1453 1258 NapoleoniS‚
1468 1228 1497 1250 S.
1515 1219 1656 1249 Adriani
1670 1220 1759 1251 card.
1776 1219 1876 1257 diac„
1890 1220 1977 1251 facta
1991 1220 2065 1252 fuit.
2083 1239 2120 1243 —
2134 1221 2160 1252 Ι.
2175 1230 2203 1252 0.
2217 1230 2263 1252 m.

654 1274 804 1306 Levoldo
819 1274 859 1305 de
873 1273 1000 1306 Nortof
1014 1275 1047 1305 et
1065 1271 1302 1312 Einguilberto
1318 1272 1407 1303 dicto
1434 1272 1609 1308 Fransois‚
1629 1272 1803 1308 Leodien.,
1825 1281 1863 1304 ao
1879 1273 2033 1305 Rolando
2057 1274 2097 1304 de
2114 1274 2264 1306 Scaram-

654 1328 721 1368 pis,
737 1327 856 1359 Asten.
871 1327 952 1358 eccl.
971 1326 1155 1358 canonicis.
1174 1326 1227 1364 (A.
1245 1327 1296 1361 31,
1313 1326 1337 1356 f.
1354 1327 1392 1356 73
1409 1330 1438 1363 ⁸3
1463 1325 1498 1356 V.
1517 1326 1568 1362 87,
1587 1335 1640 1364 ep.
1655 1326 1763 1365 2709.)

370 1388 406 1416 Ut
426 1397 452 1416 s.
699 1377 836 1410 42274.
854 1398 891 1403 —-
908 1380 990 1421 May.
1013 1379 1177 1411 Guillelmo
1191 1378 1228 1409 de
1245 1379 1407 1409 Maisnilio
1423 1387 1518 1418 prov.
1538 1387 1656 1409 canon.
1677 1379 1741 1409 sub
1760 1388 1857 1419 exsp.
1876 1379 1980 1419 praeb.
1997 1380 2078 1411 eccl.
2096 1381 2265 1413 Senonen-

312 1433 342 1460 '¹'-
364 1432 411 1466 Xl,
431 1432 506 1461 xln.
655 1435 716 1470 sis,
734 1434 864 1466 consid.
880 1433 1032 1473 Philippi
1049 1433 1139 1472 regis
1154 1433 1324 1470 Franciae3
1341 1441 1407 1463 non
1426 1432 1514 1463 obst.
1532 1432 1719 1471 parochiali
1736 1432 1816 1463 eccl.
1835 1433 1875 1463 de
1890 1433 2039 1464 Lizortio
2055 1435 2088 1465 et
2103 1443 2195 1473 perp.
2213 1443 2264 1466 ca-

655 1487 806 1528 pellania
820 1486 960 1526 capellae
975 1486 1078 1517 castri
1096 1486 1136 1517 de
1154 1485 1338 1522 Maisnilio‚
1352 1485 1598 1524 Rothomagen.
1613 1486 1645 1516 et
1664 1485 1860 1516 Atrebaten.
1873 1486 1932 1524 di.,
1950 1487 1989 1517 65
2005 1486 2027 1517 l.
2046 1488 2070 1517 t.
2089 1496 2154 1518 sec.
2175 1489 2266 1518 taxa-

655 1541 781 1572 tionem
799 1540 947 1580 nntiquae
964 1539 1104 1571 decimae
1127 1547 1195 1570 non
1217 1537 1472 1569 excedentibus.
1498 1556 1535 1560 —
1552 1539 1578 1569 1.
1604 1547 1633 1568 e.
1653 1544 1697 1570 m.
1718 1538 1832 1569 abbati
1860 1541 2005 1570 monast.
2031 1549 2059 1570 s.
2085 1540 2265 1572 Genovefae

654 1594 839 1630 Parisien.,
867 1595 899 1624 et
926 1593 1053 1624 decano
1079 1592 1295 1627 Ambianen.‚
1315 1600 1352 1622 ac
1372 1591 1523 1622 Auberto
1540 1592 1581 1622 de
1599 1591 1835 1631 Guignicurte,
1853 1601 1926 1624 can.
1944 1592 2164 1624 Suessionen.
2185 1594 2265 1624 eccl.

658 1647 709 1686 (A.
730 1649 780 1684 31,
801 1647 826 1677 f.
846 1648 904 1678 107
921 1651 952 1682 ⁸;
975 1646 1011 1677 V.
1030 1646 1081 1683 87,
1101 1654 1154 1685 ep.
1173 1646 1281 1683 2778.)

372 1706 409 1735 Ut
429 1715 454 1735 ε.
701 1697 842 1730 42275.
857 1717 898 1721 -
917 1698 1085 1729 Francisco
1106 1697 1224 1738 Ulipsis
1240 1697 1276 1728 de
1294 1697 1385 1735 Urbe,
1402 1697 1474 1727 cler.
1492 1701 1521 1728 et
1538 1697 1644 1737 famil.
1659 1697 1852 1738 Napoleom's
1872 1708 1896 1728 s.
1915 1697 2053 1729 Adriani
2069 1699 2146 1730 diac.
2166 1700 2266 1738 card„

656 1805 878 1837 Pantaleonis
894 1805 934 1835 de
949 1804 1053 1841 Urbe,
1070 1804 1160 1843 apud
1174 1804 1208 1835 S.
1228 1803 1269 1834 A.
1290 1803 1451 1834 defuncti.
1471 1821 1511 1826 —
1526 1803 1554 1834 Ι.
1567 1812 1595 1833 0.
1613 1812 1659 1834 m.
1677 1803 1791 1834 abbati
1808 1806 1953 1836 monast.
1969 1805 2010 1836 de
2026 1813 2054 1835 s.
2071 1806 2266 1842 Laurentio,

658 1861 690 1891 et
706 1867 810 1898 praep.
827 1858 992 1894 Lisclen.‚
1007 1857 1198 1888 Tridentin.
1216 1857 1276 1894 di.,
1293 1865 1331 1887 ac
1346 1856 1516 1887 Rollando
1535 1856 1575 1887 de
1594 1856 1803 1896 Scarampis,
1819 1862 1892 1889 ca'n.
1912 1858 2029 1889 Asten.
2047 1858 2126 1889 eccl.
2145 1859 2198 1898 (A.
2215 1861 2267 1898 31,

658 1913 681 1944 f.
704 1914 762 1944 139
783 1916 814 1948 ⁸;
835 1910 869 1942 V.
890 1912 943 1948 87,
959 1919 1012 1950 ep.
1030 1910 1137 1949 2864.)

371 1973 408 2001 Ut
424 1981 449 2002 s.
703 1961 842 1994 42276.
862 1981 901 1986 -
917 1963 1031 1994 Eidem
1046 1963 1181 1994 collatio
1199 1971 1316 1993 canon.
1333 1963 1365 1993 et
1383 1961 1486 2001 praeb.
1503 1962 1584 1993 eccl.
1603 1962 1808 1999 Tridentin.,
1824 1971 1895 1994 vac.
1913 1972 1974 2002 per
1990 1963 2120 1995 obitum
2137 1965 2268 2004 praefati

318 2019 351 2049 T.
366 2019 414 2054 xl,
431 2019 504 2048 xlll.
658 2018 773 2054 Petri;
793 2019 904 2048 cetera
922 2018 960 2048 ut
976 2025 1003 2047 s.
1025 2016 1078 2055 (A.
1095 2018 1147 2051 31,
1166 2016 1187 2047 f.
1205 2017 1263 2047 139
1279 2015 1308 2050 b;
1334 2015 1369 2046 V.
1386 2016 1437 2052 87,
1454 2023 1507 2054 ep.
1527 2016 1633 2054 2865.)

373 2081 409 2109 Ut
427 2090 452 2110 s,
703 2068 842 2101 42277.
864 2088 901 2093 —
916 2069 1043 2104 Jacobo,
1063 2073 1137 2100 nato
1154 2068 1191 2099 cl.
1210 2079 1250 2099 m.
1277 2068 1387 2100 Jacobi
1407 2068 1487 2109 reqis
1503 2068 1696 2109 Araqonum‚
1717 2068 1815 2108 fratri
1835 2069 1944 2100 domus
1963 2069 2082 2100 militiae
2103 2070 2137 2102 S.
2162 2071 2205 2102 M.
2231 2071 2268 2102 de

338 2125 369 2153 T.
389 2125 486 2153 XXIV.
659 2125 824 2160 Martie-sia,
842 2123 909 2155 ord.
931 2123 1144 2160 Calatraven„
1169 2121 1322 2153 Valentin.
1338 2121 1396 2159 di.,
1413 2121 1534 2153 indult.
1551 2122 1699 2162 eligendi
1714 2122 1942 2154 confessorem
1956 2123 2014 2163 qui
2029 2124 2060 2154 ei
2075 2124 2181 2155 semel
2195 2125 2267 2156 tan-

659 2179 732 2209 tum
755 2177 791 2208 in
818 2178 939 2209 mortis
959 2176 1102 2208 articulo
1125 2176 1262 2215 plenam
1290 2177 1503 2214 peccatorum
1532 2184 1674 2206 suorum
1692 2175 1931 2207 remissionem
1948 2177 2130 2208 concedere
2146 2177 2265 2209 valeat.

659 2231 713 2272 (A.
734 2232 784 2267 31,
802 2230 824 2261 f.
846 2232 900 2261 171
921 2235 948 2266 ι;
974 2229 1007 2261 V.
1028 2230 1079 2264 87,
1098 2238 1151 2268 ep.
1167 2229 1273 2267 2896.)

373 2293 409 2320 ω
423 2299 452 2320 -s,
705 2281 842 2314 42278.
859 2301 900 2305 -
915 2283 1037 2313 Decano
1062 2282 1240 2318 Belvacen.,
1258 2286 1286 2312 et
1302 2281 1509 2312 Silvanecten.
1529 2291 1565 2312 ac
1587 2281 1624 2312 de
1645 2281 1826 2313 Belvacinio
1843 2281 2006 2313 Belracen.
2024 2283 2172 2314 archid.is
2192 2283 2265 2315 eccl.

357 2329 390 2356 Τ·
407 2330 466 2358 XX·
661 2338 775 2369 mand.
791 2346 852 2377 pro
869 2337 1063 2375 receptione
1078 2336 1230 2371 Joannae,
1248 2335 1345 2366 dictae
1360 2335 1392 2365 la
1413 2335 1566 2372 semem,
1589 2335 1628 2366 de
1646 2335 1807 2373 Galliaco,
1825 2335 2004 2366 mulierem
2021 2337 2265 2377 Rothomagen.

627 2401 629 2410 ⁴
660 2391 719 2426 di.,
735 2391 770 2422 in
785 2390 948 2430 hospitali
965 2398 1027 2421 seu
1040 2389 1140 2420 domo
1157 2388 1221 2420 Dei
1237 2388 1417 2420 Belvacen.
1436 2388 1488 2426 (A.
1507 2390 1557 2426 31,
1574 2389 1597 2420 f.
1616 2390 1674 2420 188
1689 2394 1721 2425 ³3
1749 2388 1783 2419 V.
1801 2390 1852 2424 87,
1869 2398 1921 2428 ep.
1940 2390 2047 2428 2933.)

375 2445 412 2474 Ut
426 2453 449 2473 s.
705 2441 841 2474 42279.
859 2461 896 2465 -
914 2442 1039 2479 Jacobo,
1059 2447 1132 2472 nato
1148 2441 1186 2472 cl.
1211 2452 1250 2473 m.
1274 2441 1385 2473 Jacobi
1405 2442 1486 2482 regis
1508 2442 1701 2481 Araqonum,
1723 2442 1822 2482 fratri
1843 2442 1951 2473 domus
1972 2442 2091 2473 militiae
2110 2443 2144 2474 S.
2168 2443 2209 2474 M.
2233 2443 2269 2474 de

352 2490 383 2517 Τ·
402 2490 473 2519 XV1·
659 2497 822 2533 Montesia,
837 2496 903 2527 ord.
920 2496 1133 2532 Caletraven„
1154 2495 1307 2526 valentin.
1320 2495 1376 2532 di.,
1388 2495 1526 2526 licentia
1537 2495 1696 2526 testandi.
1711 2496 1761 2534 (A.
1773 2497 1825 2533 31,
1837 2495 1859 2526 f.
1871 2497 1930 2527 196
1939 2495 1973 2532 1›;
1990 2495 2025 2527 V.
2038 2498 2089 2533 87,
2100 2505 2152 2536 ep.
2161 2497 2268 2536 2955.)

375 2552 413 2580 Ut
427 2560 452 2580 s.
705 2548 842 2580 42280.
857 2569 898 2573 -
918 2549 1046 2581 Archid.
1064 2548 1286 2584 Silvanecten.‚
1306 2552 1335 2579 et
1360 2549 1483 2579 cantori
1499 2558 1533 2579 ac
1549 2548 1722 2579 succentori
1737 2548 1900 2579 Belvacen.
1916 2549 1990 2581 eccl.
2006 2550 2119 2580 mand.
2139 2558 2198 2589 pro
2215 2558 2268 2581 re-

362 2596 394 2624 Τ·
410 2596 467 2624 xx·
660 2605 812 2644 ceptione
829 2603 1005 2635 Mathildis
1021 2603 1119 2634 dietae
1135 2603 1175 2634 de
1191 2602 1307 2638 Hotot‚
1324 2602 1445 2641 puellae
1461 2602 1619 2633 litteratae
1634 2602 1878 2642 Rothomagen.
1897 2602 1957 2639 di.,
1976 2602 2010 2633 in
2031 2604 2174 2633 monast.
2199 2611 2269 2634 mo-

661 2658 805 2689 nialium
821 2658 861 2688 B.
877 2657 921 2687 M.
940 2657 980 2688 de
998 2665 1025 2687 s.
1046 2656 1164 2694 Paulo,
1182 2656 1220 2687 Ο.
1236 2656 1267 2686 S.
1287 2655 1338 2691 B.,
1357 2655 1534 2687 Belvacen.
1550 2655 1595 2686 di.
1615 2655 1669 2693 (A.
1686 2657 1736 2693 31,
1754 2655 1776 2686 f.
1797 2657 1855 2686 196
1872 2660 1906 2691 ⁸;
1929 2655 1964 2686 V.
1983 2656 2033 2691 87,
2051 2664 2102 2694 ep.
2122 2656 2228 2692 2958.)

377 2710 413 2739 Ut
430 2719 453 2738 ε.
684 2706 686 2708 ’
705 2708 844 2741 42281.
863 2728 901 2733 -
918 2709 1047 2741 Arclzz'd.
1067 2709 1287 2745 Silvaneceen„
1304 2713 1334 2739 et
1347 2709 1481 2745 cantori,
1500 2718 1535 2739 ac
1552 2709 1723 2739 succentori
1739 2708 1900 2740 Belvacen.
1919 2707 1993 2739 eccl.
2012 2709 2124 2739 mand.
2143 2717 2203 2747 pro
2215 2716 2263 2740 re-

360 2755 391 2782 Τ·
414 2755 471 2783 XX·
661 2765 815 2805 ceptione
831 2764 924 2795 Petri
942 2764 1023 2794 dicti
1040 2763 1267 2796 Maumuchet,
1291 2762 1371 2793 cler.
1390 2761 1636 2801 Rothomagen.
1657 2762 1716 2798 di.,
1746 2761 1781 2792 in
1805 2762 1949 2792 monast.
1981 2769 2008 2792 s,
2028 2760 2269 2800 symphoriani

657 2818 756 2858 juxta
772 2817 967 2853 Belvacum‚
983 2817 1021 2849 Ο.
1039 2816 1072 2847 S.
1088 2817 1125 2847 B.
1147 2816 1200 2854 (A.
1218 2817 1270 2852 31,
1288 2815 1312 2845 f.
1329 2816 1387 2846 197
1405 2820 1438 2852 ³3
1460 2814 1495 2846 V.
1516 2815 1565 2850 87.
1586 2823 1638 2854 ep.
1658 2815 1763 2852 2967.)
2008 2808 2010 2810 ’

375 2871 412 2899 Ut
431 2879 456 2899 s.
706 2868 843 2912 42282.
861 2887 900 2893 -
913 2869 1043 2901 Eisdem
1062 2869 1175 2900 mand.
1191 2877 1251 2908 pro
1264 2868 1454 2908 receptione
1470 2867 1608 2899 Martini
1622 2867 1704 2898 dicti
1717 2867 1830 2903 Malle,
1849 2866 1926 2897 cler.
1946 2865 2190 2905 Rothomagen.
2207 2866 2267 2905 di.,

358 2916 390 2943 Τ·
411 2916 468 2943 xx·
661 2925 696 2956 in
715 2923 923 2956 monasterio
936 2923 968 2954 S.
988 2922 1131 2954 Luciani
1147 2930 1252 2961 prope
1265 2921 1461 2958 Beracum,
1478 2920 1518 2952 Ο.
1544 2920 1577 2951 S.
1594 2920 1632 2951 B.
1652 2919 1705 2959 (A.
1728 2920 1779 2955 31,
1798 2919 1821 2950 f.
1841 2921 1898 2950 197
1915 2923 1950 2955 ·;
1973 2918 2008 2950 V.
2025 2919 2077 2955 87,
2092 2927 2145 2958 ep.
2161 2920 2269 2959 2968.)

379 2977 415 3005 Ut
431 2986 454 3005 s.
622 2999 624 3002 v
708 2974 845 3007 42283.
864 2994 905 2999 -
917 2974 1046 3006 Eisdem
1062 2975 1174 3006 mand.
1194 2982 1254 3014 pro
1271 2973 1462 3013 receptione
1475 2972 1641 3004 Bernardi
1655 2972 1694 3003 de
1712 2972 1837 3006 Fumo,
1852 2971 1931 3002 cler.
1951 2970 2194 3011 Rothomagen.
2208 2972 2268 3010 di.,

363 3022 395 3050 T·
413 3021 471 3050 xx·
663 3031 699 3062 in
717 3031 864 3062 monast.
884 3038 911 3060 s.
929 3028 1068 3060 Martini
1083 3028 1123 3059 de
1137 3028 1256 3064 Bosco,
1271 3027 1311 3059 O.
1326 3027 1355 3057 S.
1368 3026 1421 3061 A„
1437 3025 1612 3057 Belvacen.
1630 3025 1674 3056 di.
1692 3024 1743 3062 (A.
1763 3025 1813 3061 31,
1831 3023 1855 3056 f.
1872 3025 1929 3055 197
1941 3029 1976 3062 ⁸3
1995 3023 2028 3054 V.
2041 3025 2092 3062 87,
2107 3033 2160 3064 ep.
2173 3026 2268 3064 2969)

315 1751 346 1779 T·
368 1751 415 1786 xl,
430 1750 504 1778 Xlll.
657 1753 793 1784 collatio
809 1761 928 1783 canon.
945 1753 978 1782 et
992 1751 1096 1791 praeb.
1115 1751 1196 1782 eccl.
1215 1759 1242 1781 s.
1259 1750 1501 1782 Bartholomaei
1517 1759 1620 1790 prope
1638 1751 1850 1788 Tridentum,
1867 1760 1939 1783 vac.
1958 1760 2019 1791 per
2034 1752 2163 1783 obitum
2174 1754 2268 1785 Petri
2333 1745 2337 1749 ⁴
