2560 3476
326 309 582 342 APPENDICES
604 309 662 340 AD
683 308 956 341 DUODECIMUM
978 311 1175 343 BULLARII
1196 312 1371 344 JOANNIS
1393 313 1513 344 PAPAE
1534 313 1625 344 XXII
1646 314 1807 346 ANNUM.
1833 333 1871 338 —
1893 316 2129 355 (1316-1334)
2187 318 2249 349 393

363 499 452 528 4328.

258 1453 362 1481 Datum
385 1449 560 1481 Avemone

300 1501 337 1530 31
356 1501 416 1530 dec.
437 1501 516 1529 1327

309 1548 344 1582 (11
359 1547 419 1574 kal.
431 1546 505 1583 jan.)

290 2517 394 2545 Datum
414 2514 528 2546 Romae

303 2566 340 2594 18
355 2567 424 2594 maii
441 2565 520 2593 1328

299 2612 352 2644 (xv
368 2610 426 2638 kal.
444 2609 521 2646 jun.)

371 2725 408 2753 Ut
424 2733 448 2752 s.

694 494 832 527 42497.
849 517 887 522 —
904 499 1123 540 Portugalliae
1137 501 1330 533 collectoris
1346 503 1494 542 epistula
1510 504 1552 534 ad
1576 504 1703 543 Papam
1724 505 1764 536 de
1782 505 1914 545 negotio
1930 506 2080 543 decimae,
2095 506 2136 538 de
2154 515 2251 538 occu-

649 550 786 589 patione
803 550 970 583 bonorum
992 553 1265 593 Templariorum
1289 555 1378 586 facta
1401 565 1421 586 a
1444 565 1521 596 rege
1547 557 1782 596 Portugalliae3
1805 558 1887 589 item
1904 559 1945 589 de
1971 558 2061 590 hello
2085 559 2250 591 adversus

649 602 837 635 Saracenos
860 605 949 644 quod
974 605 1048 645 ipse
1073 615 1134 638 rex
1157 607 1298 639 simulat
1323 609 1359 639 ut
1380 610 1490 648 possit
1511 610 1657 642 retinere
1682 611 1849 642 decimam
1873 612 1985 643 Terrae
2010 612 2152 644 Sanctae.
2171 613 2250 652 (Im-

651 658 758 696 trum.)

1418 1008 1489 1060 V

745 1144 915 1189 Excerpta
937 1155 954 1178 e
979 1143 1128 1178 bullario
1150 1143 1367 1189 qeneraliab
1390 1145 1587 1179 Alexandro
1610 1146 1667 1179 III
1685 1157 1791 1191 usque
1812 1145 1861 1180 ad
1884 1146 2089 1180 Clementem
2118 1147 2165 1180 VI

949 1215 988 1249 in
1012 1226 1148 1250 camera
1167 1216 1324 1261 praefecti
1346 1216 1585 1250 Archivz'orum
1613 1217 1854 1251 Vaticanorum
1877 1217 1954 1251 sito.

696 1439 836 1473 42498.
855 1460 893 1465 —
909 1443 998 1485 Ep.o
1025 1443 1204 1482 Catum-cen„
1223 1449 1252 1474 et
1273 1443 1512 1485 Montispensati
1535 1443 1698 1476 Caturcen.
1717 1454 1753 1474 ac
1776 1444 1893 1475 Dunen.
1920 1443 2085 1476 Car-neten.
2105 1442 2254 1475 archid.is

652 1495 849 1527 ecclesiarum
868 1497 983 1529 mand.
1000 1498 1037 1528 ut
1058 1497 1184 1528 faciant
1204 1497 1359 1528 exhiheri
1384 1506 1472 1537 mag.
1496 1498 1669 1529 Armando
1687 1498 1727 1529 de
1750 1498 1937 1538 Narcesyo,
1959 1497 2084 1529 decano
2107 1497 2257 1529 ecclesiae

651 1558 679 1581 s.
700 1550 862 1590 Stephani
880 1551 920 1582 de
939 1551 1104 1589 Tescone‚
1121 1550 1360 1582 Montisalban.
1379 1551 1439 1589 di.,
1461 1551 1559 1590 Papae
1574 1560 1646 1591 cap.
1666 1552 1698 1583 et
1716 1551 1786 1582 ord.
1804 1550 1984 1590 hospitalis
2001 1559 2030 1583 s.
2048 1550 2190 1582 Joannis
2203 1551 2255 1582 Je-

652 1603 882 1635 rosolimitani
905 1603 1116 1641 consiliario.
1142 1604 1343 1644 pensionem
1369 1606 1428 1636 100
1442 1605 1649 1636 florenorum
1675 1605 1707 1636 ei
1722 1612 1918 1636 concessam
1938 1612 1998 1643 per
2021 1604 2202 1635 Helionem
2214 1603 2255 1636 de

651 1657 846 1695 villanova,
865 1665 967 1697 mag„
984 1659 1016 1689 et
1040 1666 1138 1689 conv.
1156 1658 1309 1697 ejusdem
1324 1658 1504 1698 hospitalis
1527 1658 1562 1689 in
1583 1668 1598 1689 «
1620 1658 1836 1698 assembleya
1854 1667 1870 1688 ))
1887 1657 2038 1697 generali
2056 1658 2145 1697 apud
2161 1657 2256 1688 Mon-

650 1710 956 1750 tempessulanum‚
974 1710 1185 1750 Magalonen.
1207 1710 1266 1748 di.,
1285 1712 1514 1751 congregatos.
1533 1711 1584 1750 (T.
1603 1711 1630 1748 Ι,
1648 1720 1681 1742 n.
1699 1713 1738 1742 62
1747 1721 1756 1748 3
1776 1720 1843 1741 cum
1857 1709 1962 1751 siqillo
1977 1709 2146 1751 plumbeo.)

1401 2068 1507 2120 VI

697 2204 833 2241 Nicolai
860 2206 896 2245 V,
921 2204 1106 2250 antipapae‚
1132 2204 1233 2250 vulqo
1258 2204 1343 2238 dicti
1363 2205 1458 2238 Petri
1479 2205 1520 2238 de
1543 2205 1718 2243 Corbarz'a,
1742 2205 1862 2239 litterae
1884 2216 1926 2239 ex
1945 2205 2044 2239 unico
2067 2209 2214 2250 reqestro

1252 2275 1414 2310 Vaticano
1435 2275 1620 2321 desumptae
1641 2277 1664 2310 ¹.

699 2497 837 2530 42499.
856 2518 893 2523 -
918 2499 1096 2540 Bonifacio,
1113 2504 1226 2531 sanctae
1243 2510 1378 2530 romanae
1398 2500 1531 2530 ecclesiae
1551 2500 1692 2541 episcopo
1706 2500 1874 2537 cardinali,
1891 2500 2147 2532 committuntur
2164 2508 2256 2536 cura.

654 2553 920 2592 administratio,
934 2553 1110 2589 correctio,
1127 2553 1299 2584 institutio
1317 2554 1350 2585 et
1366 2553 1540 2584 destitutio
1555 2554 1658 2584 totius
1674 2553 1803 2584 ordinis
1819 2553 1963 2585 fratrum
1979 2553 2256 2592 Praedicatorum,

652 2608 724 2639 tam
741 2606 775 2637 in
791 2606 900 2646 capite
919 2615 1022 2646 quam
1038 2606 1074 2637 in
1096 2606 1272 2645 membris,
1288 2606 1323 2637 in
1346 2606 1508 2637 fratribus
1536 2606 1608 2638 sive
1631 2607 1816 2642 sororibus
1835 2606 2037 2646 generaliter
2052 2615 2089 2637 ac
2106 2605 2258 2646 speciali-

653 2662 717 2693 ter.
736 2659 790 2700 (V.
809 2661 880 2697 118,
896 2659 919 2691 f.
939 2660 980 2697 1⁸,
998 2668 1052 2699 ep.
1068 2661 1109 2692 49
1126 2660 1159 2691 et
1174 2661 1242 2699 50.)

701 2710 838 2742 42500.
860 2731 897 2735 —
922 2713 1051 2750 Jacobo,
1071 2722 1141 2754 ep.o
1159 2712 1274 2744 Ostien.
1300 2717 1329 2743 et
1355 2713 1532 2751 Vellwtren„
1551 2713 1722 2744 confertur
1737 2712 1985 2744 administratio
2000 2711 2150 2743 ecclesiae
2168 2710 2258 2741 Mon-

653 2767 828 2807 tisregalis
850 2767 1001 2797 vacantis
1025 2775 1084 2806 per
1100 2766 1326 2806 privationem
1351 2768 1384 2798 et
1401 2767 1650 2806 depositionem
1667 2766 1874 2806 Napoleonis
1898 2765 1938 2796 de
1958 2764 2161 2801 Romandia‚
2176 2763 2258 2794 olim

656 2821 692 2852 in
709 2819 918 2860 archiep.um
941 2819 1095 2859 ejusdem
1122 2819 1202 2851 eccl.
1221 2819 1331 2856 electi,
1354 2819 1470 2860 vigore
1495 2820 1671 2850 sententiae
1693 2818 1862 2858 generalis
1889 2819 1921 2849 et
1943 2817 2103 2857 specialis
2117 2816 2259 2848 decretae

686 2922 711 2947 1.
727 2921 793 2947 Jam
806 2921 944 2954 pluribus
958 2921 1043 2946 annis
1060 2922 1147 2945 antea
1159 2921 1196 2947 R.
1211 2920 1243 2945 P.
1259 2920 1291 2946 C.
1306 2919 1397 2945 Eubel
1415 2920 1558 2951 analysim
1575 2919 1701 2944 omnium
1717 2918 1860 2943 dictarum
1878 2918 2041 2943 litterarum
2055 2917 2146 2949 prelio
2164 2915 2259 2944 dodim

654 2961 709 2987 eir.
725 2961 780 2987 Der
794 2961 984 2994 Regiam-band
1000 2961 1045 2986 dee
1061 2960 1256 2992 Geqenpapstes
1273 2959 1398 2985 Nikolaus
1417 2961 1437 2984 V
1451 2960 1480 2984 in
1496 2958 1691 2984 Archivalische
1707 2958 1870 2989 Zeilschrift‚
1888 2964 1954 2982 neue
1968 2957 2056 2990 Folqe,
2074 2959 2095 2982 t.
2113 2957 2155 2983 1v
2169 2955 2261 2988 (189³),

603 2992 605 2996 ’
657 3007 686 3033 p.
704 3001 822 3027 ¹2⁸·212.

368 3044 516 3073 JOANNIS
535 3044 620 3074 xxu.
641 3061 675 3067 -
692 3046 724 3074 Τ.
745 3046 808 3074 VH.
2087 3041 2123 3070 50
