2560 3476
314 332 372 361 232

348 420 451 446 Datum
466 412 649 447 Avenione.

384 575 424 602 23
441 582 503 610 apr.
524 572 612 601 1328.

385 621 427 656 (ix
444 620 502 647 kal.
518 618 609 653 maii.)

425 663 455 690 T.
476 662 569 690 xxlv.

470 1215 504 1243 Ut
524 1223 548 1242 s.

432 1261 463 1288 T.
484 1259 579 1287 XXIV.

468 1644 504 1672 Ut
523 1652 547 1671 s.

417 1690 447 1716 T.
464 1689 509 1723 XI,
526 1688 598 1715 XIII.

470 2016 506 2044 Ut
521 2024 545 2043 s.

416 2061 448 2090 T.
464 2061 510 2095 XI,
527 2060 599 2088 XIII.

474 2285 508 2312 Ut
524 2293 547 2312 s.

437 2330 468 2358 T.
489 2329 585 2356 XXIV.

475 2711 513 2740 Ut
531 2719 555 2739 ι.

464 2756 495 2783 Τ.
511 2756 567 2785 XL.

707 325 882 357 JOANNIS
906 325 1024 356 PAPAE
1046 325 1148 355 XXII.
1174 326 1424 364 (1316-1334).
1449 343 1487 348 —
1509 325 1698 356 LITTERAE
1721 325 1948 357 COMMUNES

743 526 771 549 s.
793 517 960 549 Florentii
983 518 1023 548 de
1047 517 1216 554 Salmuro,
1237 517 1276 548 O.
1296 517 1331 548 S.
1346 518 1401 554 B.,
1418 517 1636 558 Andegaven.
1650 518 1697 549 di.
1715 518 1770 558 (Α.
1788 519 1840 557 30,
1858 518 1881 550 f.
1907 520 1968 551 348
1987 519 2016 557 '³5
2040 519 2075 552 V.
2093 521 2146 557 86,
2163 529 2216 561 ep.
2243 522 2350 561 1779.)

788 567 922 599 40974.
941 586 979 592 --
1002 570 1118 600 Abbati
1138 570 1322 601 monasterii
1346 581 1372 600 s.
1390 571 1524 601 Martini
1547 575 1620 602 ante
1639 571 1755 611 Metim,
1770 576 1800 602 et
1820 572 1984 603 scolastico
2011 572 2188 612 Virdunen.‚
2205 584 2243 605 ac
2266 584 2349 616 maq-

741 624 860 655 Joanni
881 623 917 654 de
940 623 1069 659 Pennis,
1088 633 1158 655 can.
1183 623 1308 654 Remen.
1327 623 1415 661 eccl„
1434 624 1547 656 mand.
1567 626 1605 656 ut
1627 624 1770 657 Nicolao
1793 625 1884 657 dicto
1900 626 2072 665 Maressae,
2091 628 2257 660 monacho
2277 618 2351 660 mo-

744 678 830 708 nast.
848 677 1018 713 Gorzien.,
1041 677 1080 709 Ο.
1099 677 1132 709 S.
1151 678 1204 714 B.,
1222 677 1346 708 Meten.
1364 677 1426 713 di.,
1441 677 1616 709 conferant
1639 678 1828 718 prioratum
1853 678 1896 710 de
1909 679 2058 715 Amella,
2076 680 2159 712 dicti
2176 681 2261 719 ord..
2276 681 2352 714 Vir-

744 731 868 762 dunen.
887 731 946 765 di.,
965 730 1106 770 praefato
1131 732 1276 762 monast.
1306 731 1502 762 immediate
1530 731 1732 771 subjectum,
1752 741 1854 772 quem
1882 733 1976 773 Rapa
2003 734 2080 774 post
2101 735 2353 774 promotionem

743 784 941 822 Theobaldi,
959 784 1116 824 supplic„
1134 785 1175 815 ad
1191 784 1363 815 abbatiam
1376 784 1529 824 ejusdem
1548 785 1761 824 monasterii,
1778 786 1861 818 Adae
1876 786 1917 818 de
1931 786 2098 827 Thaseyo,
2108 787 2191 820 dicti
2206 790 2351 820 monast.

744 837 919 874 monacho,
935 838 1133 876 contulerat,
1148 838 1208 869 sed
1225 838 1290 869 iste
1306 838 1431 869 litteris
1447 846 1551 878 super
1567 838 1763 878 hujusmodi
1779 839 1888 879 gratia
1905 839 1973 871 sibi
1987 840 2075 872 facta
2090 840 2265 879 confectis,
2278 850 2354 882 quae

744 891 844 931 longo
860 892 1026 931 temporis
1043 892 1152 931 spatIo
1175 892 1211 922 in
1234 892 1649 931 cancellariaeapostolica
1664 892 1883 932 expediendae
1902 895 2150 932 remanserunt,
2167 897 2352 935 antequam

745 945 868 983 fuisset
890 945 1059 985 prioratus
1083 945 1236 984 eiusdem
1264 945 1519 985 possessionem
1543 945 1697 985 adeptus,
1714 945 1750 977 in
1778 945 1850 977 illis
1873 946 2029 986 partibus
2047 947 2201 979 debitum
2224 949 2354 980 natum

746 998 909 1038 persolvit
916 1007 925 1034 ;
945 1007 1013 1030 non
1027 998 1114 1030 obst.
1135 999 1224 1038 quod
1241 998 1405 1038 praefatus
1426 998 1532 1030 abbas
1555 999 1889 1031 administrationem
1913 1000 2064 1039 praedioti
2079 1001 2251 1040 prioratus
2267 1009 2352 1042 prae-

746 1052 815 1084 fato
826 1051 968 1084 Nicolao
994 1052 1141 1089 duxerit,
1159 1053 1196 1083 ut
1218 1052 1397 1089 asseritur,
1414 1061 1458 1083 ex
1475 1061 1578 1084 causa
1590 1052 1742 1092 legitima
1760 1053 2048 1086 committendam.
2068 1054 2120 1091 (Α.
2138 1055 2190 1092 30,
2208 1054 2232 1086 f.
2249 1055 2310 1086 362
2322 1059 2352 1091 ·;

753 1105 789 1137 V.
806 1107 857 1140 86,
879 1114 932 1145 ep.
946 1106 1040 1142 1804;
1057 1105 1257 1141 Sauerland,
1278 1105 1496 1137 Vatilcanische
1510 1105 1680 1136 Urlcunden
1694 1106 1760 1137 und
1775 1098 1924 1148 Reqesten
1940 1117 1998 1137 zur
2014 1107 2192 1139 Geschickte
2205 1107 2355 1139 Lothrin-

746 1169 831 1200 gens,
848 1160 873 1190 t.
887 1159 914 1196 I,
931 1168 963 1199 p.
981 1160 1053 1196 258,
1073 1168 1105 1189 n.
1121 1158 1209 1199 552.)
1948 1171 1951 1173 ’

793 1209 930 1242 40975.
950 1230 987 1235 -
1004 1211 1171 1244 Guillelmo
1193 1211 1230 1242 de
1244 1212 1442 1249 Rossillione,
1460 1213 1566 1244 abbati
1586 1223 1611 1244 s.
1633 1213 1744 1244 Felicis
1762 1214 1794 1244 ιή
1811 1213 1938 1244 ecclesia
1958 1213 2130 1252 valentin„
2145 1215 2297 1255 dispens.
2314 1214 2356 1246 de

748 1265 995 1305 irregularitate
1019 1274 1061 1297 ex
1078 1274 1118 1297 eo
1134 1267 1305 1297 contracta
1329 1265 1410 1306 quia
1425 1267 1563 1303 dudum,
1582 1276 1658 1298 cum
1676 1276 1708 1298 n.
1729 1276 1760 1298 v.
1779 1268 1891 1307 Hugo,
1906 1268 2008 1299 dnus
2022 1267 2063 1299 de
2078 1268 2236 1303 Ornacio,
2254 1268 2355 1300 Vien-

749 1328 825 1351 nen.
841 1319 901 1357 di.,
918 1320 950 1350 et
966 1319 1065 1350 multi
1079 1319 1138 1350 alii
1158 1319 1290 1351 nobiles
1304 1319 1442 1351 illarum
1459 1320 1608 1359 partium
1624 1321 1742 1351 contra
1755 1329 1787 1351 n.
1807 1329 1839 1351 v.
1856 1321 2048 1357 Aimarum,
2062 1321 2181 1352 d.num
2196 1321 2300 1353 castri
2315 1321 2357 1354 de

748 1365 932 1408 Brissiaco,
958 1372 1055 1404 dictae
1076 1372 1137 1410 di.,
1155 1373 1325 1404 sororium
1351 1382 1464 1409 suum,
1488 1382 1647 1413 guerram
1672 1373 1782 1405 facere
1807 1374 2028 1414 incepissent,
2047 1375 2122 1415 ipse
2135 1374 2357 1413 Guillelmus,

749 1427 791 1458 ad
808 1426 1041 1458 defensionem
1058 1426 1140 1457 dicti
1155 1426 1278 1458 sororii
1296 1427 1364 1464 sui,
1382 1435 1478 1458 arma
1498 1427 1657 1467 sumpsit,
1677 1429 1711 1459 et
1732 1427 1768 1458 in
1791 1428 1939 1468 quodam
1955 1428 2126 1466 conflictu,
2141 1428 2177 1460 in
2192 1437 2260 1468 quo
2275 1437 2359 1460 non-

751 1480 837 1511 nulli
852 1479 1008 1511 homines
1030 1479 1200 1511 interfecti
1216 1479 1365 1518 fuerunt,
1380 1480 1548 1518 interfuit,
1562 1480 1641 1512 lIcet
1662 1489 1723 1520 per
1737 1489 1816 1512 eum
1833 1481 1949 1512 nullus
1966 1481 2164 1513 interfectus
2180 1481 2284 1514 fuerit
2297 1490 2359 1513 seu

750 1533 852 1565 etiam
878 1533 1090 1571 vulneratus,
1108 1533 1214 1564 immo
1240 1533 1422 1573 quemdam
1453 1533 1604 1565 nobilem
1631 1534 1666 1565 in
1695 1534 1814 1566 eodem
1840 1535 1998 1566 conflictu
2026 1544 2045 1566 a
2061 1537 2170 1567 morte
2195 1535 2358 1568 defendit.

750 1587 803 1628 (A.
822 1587 873 1623 30,
891 1586 915 1617 f.
933 1588 993 1618 370
1008 1586 1037 1622 ¹³,
1061 1586 1099 1617 V.
1116 1587 1166 1622 86,
1185 1595 1238 1626 ep.
1257 1587 1364 1627 1831.)

797 1637 933 1669 40970.
950 1657 988 1662 —-
1019 1639 1172 1671 Willelmo
1190 1639 1274 1670 dicto
1293 1640 1330 1671 de
1353 1640 1497 1681 Inferno,
1514 1640 1629 1682 presb..
1648 1651 1718 1682 cap.
1733 1651 1827 1682 perp.
1844 1641 2027 1683 capellaniae
2049 1641 2083 1672 in
2101 1641 2175 1674 eccl.
2191 1652 2216 1673 s.
2233 1641 2362 1673 Gudulae

751 1692 946 1728 Bruxellen„
965 1692 1161 1725 Cameracen.
1175 1693 1233 1728 di.,
1247 1694 1385 1731 (modici
1400 1694 1552 1733 valoris),
1565 1694 1676 1734 gratia
1692 1703 1787 1734 exsp.
1799 1694 1909 1726 benef.
1927 1695 2151 1727 ecclesiastici
2162 1696 2203 1734 (c.
2215 1703 2242 1727 c.
2256 1696 2296 1727 70
2307 1695 2362 1728 vel

752 1756 778 1778 s.
799 1756 827 1778 c.
844 1748 884 1778 40
901 1746 925 1777 1.
942 1748 966 1777 t.
982 1755 1015 1786 p.
1030 1747 1216 1778 secundum
1232 1747 1443 1778 taxationem
1459 1748 1624 1786 decimae),
1642 1748 1685 1778 ad
1700 1747 1835 1779 abbatis
1853 1749 1886 1779 et
1903 1749 2088 1780 conventus
2105 1750 2250 1780 monast.
2261 1757 2289 1780 s.
2298 1749 2363 1781 Pe-

751 1800 796 1832 tri
810 1800 1015 1836 Gaudensis,
1030 1800 1069 1831 Ο.
1087 1800 1121 1831 S.
1139 1800 1192 1837 B.,
1210 1800 1397 1831 Tornacen.
1413 1801 1474 1837 di.,
1488 1801 1719 1832 collationem.
1735 1818 1774 1823 -
1789 1801 1829 1832 In
1845 1810 1875 1833 e.
1895 1811 1940 1833 m.
1958 1801 2073 1834 abbati
2090 1804 2238 1834 monast.
2255 1811 2284 1834 s.
2300 1803 2363 1835 Ba-

751 1854 850 1885 vonis
871 1853 1064 1885 Gaudensis
1080 1854 1111 1884 et
1134 1853 1260 1885 decano
1283 1862 1310 1884 s.
1332 1854 1465 1886 Gudilae
1488 1854 1738 1890 Bruxellensis‚
1753 1855 1970 1887 Cameracen.
1988 1857 2021 1887 et
2042 1856 2230 1888 Tornacen.
2247 1855 2308 1892 di.,
2325 1863 2364 1888 ae

751 1916 839 1947 mag.
865 1906 991 1938 Jacobo
1017 1907 1057 1938 de
1088 1907 1230 1945 Mutina,
1249 1907 1316 1938 ΡΡ.
1345 1916 1433 1947 (ιαμ,
1462 1908 1680 1940 Cameracen.
1706 1917 1779 1940 can.
1811 1909 1891 1940 eccl.
1919 1908 1972 1948 (A.
1994 1910 2045 1945 30,
2071 1909 2096 1940 f.
2119 1910 2181 1940 484
2197 1915 2229 1947 ⁸;
2251 1909 2288 1942 V.
2309 1910 2362 1948 8⁷,

751 1969 802 2001 ep.
822 1961 929 2000 2180.)

796 2011 934 2042 40977.
951 2031 988 2036 --
1005 2014 1124 2045 Joanni
1139 2013 1222 2045 dicto
1236 2013 1273 2044 de
1290 2013 1439 2051 Lemnio,
1455 2024 1526 2047 can.
1538 2014 1594 2045 sub
1609 2025 1695 2056 exsp.
1709 2015 1804 2056 praeb.
1824 2015 1896 2047 eccl.
1914 2015 1953 2047 B.
1969 2016 2013 2047 M.
2025 2016 2284 2058 Antwerpiemis,
2304 2015 2364 2048 Ca-

752 2077 902 2099 meracen.
928 2067 985 2103 di.,
1010 2068 1119 2107 gratia
1144 2076 1240 2107 exsp.
1259 2068 1372 2099 benef.
1393 2068 1618 2100 ecclesiastici
1643 2070 1684 2108 (c.
1704 2078 1732 2101 c.
1752 2070 1792 2100 70
1812 2069 1868 2101 vel
1887 2078 1915 2101 S.
1933 2079 1960 2102 c.
1981 2070 2062 2102 401.
2079 2071 2104 2102 t.
2120 2079 2153 2110 p.
2178 2071 2365 2103 secundum

752 2121 962 2152 taxationem
978 2121 1141 2161 decimae),
1159 2121 1201 2152 ad
1216 2121 1431 2153 collationem
1449 2123 1530 2161 ep.i,
1549 2122 1667 2153 decani
1685 2125 1718 2154 et
1734 2123 1836 2163 capit.
1854 2123 2071 2155 Cameracen.
2089 2142 2128 2147 —
2140 2124 2181 2155 In
2197 2132 2226 2156 e.
2248 2132 2295 2156 m.
2309 2123 2366 2156 ab·

752 2175 824 2206 bati
844 2175 990 2206 monast.
1011 2183 1040 2206 s.
1056 2175 1212 2215 Sepulcri
1235 2176 1268 2207 et
1284 2175 1411 2207 decano
1426 2175 1460 2207 b.
1476 2175 1610 2207 Gudilae
1633 2176 1844 2214 Bruxellen„
1864 2177 2080 2209 cameracen.
2099 2177 2161 2215 di.,
2182 2186 2221 2209 ac
2237 2177 2365 2210 Busolo

753 2229 793 2260 de
808 2229 945 2267 Parma,
963 2237 1036 2268 cap.
1053 2228 1134 2266 ΡΡ.,
1156 2229 1342 2260 Tornacen.
1360 2229 1439 2260 eccl.
1454 2237 1527 2260 can.
1546 2229 1598 2269 (A.
1610 2230 1662 2265 30,
1673 2229 1696 2260 f.
1707 2231 1768 2262 490
1781 2235 1810 2268 ¹²3
1837 2230 1869 2262 V.
1880 2232 1934 2266 87.
1950 2239 2002 2271 ep.
2015 2232 2123 2270 2216.)

797 2279 935 2312 40978.
953 2299 992 2306 --
1015 2282 1131 2313 Abbati
1147 2292 1172 2312 s.
1193 2281 1313 2320 Quirici
1334 2283 1368 2313 in
1387 2282 1460 2314 eccl.
1482 2282 1650 2324 Burqenst}
1665 2288 1695 2314 et
1712 2293 1738 2315 s.
1761 2283 1871 2315 Jacobi
1886 2283 1923 2314 de
1946 2283 2063 2315 Lubrio
2087 2294 2123 2315 ac
2138 2295 2164 2315 s.
2181 2284 2313 2325 Aqnetis
2329 2283 2381 2315 de*

760 2336 904 2371 Venetiis,
925 2335 1097 2367 Castellan.
1115 2335 1173 2374 di.,
1191 2335 1330 2377 plebium
1355 2336 1500 2377 plebanis
1523 2337 1638 2369 mand.
1657 2339 1694 2368 ut
1710 2337 1854 2369 Paulino
1878 2338 2016 2370 Thomae
2031 2338 2073 2370 de
2093 2338 2367 2379 Montegravario

754 2390 931 2422 conferant
946 2398 1052 2421 unum
1068 2398 1187 2421 canon.
1200 2391 1233 2421 et
1248 2398 1352 2421 unam
1365 2390 1582 2430 praehendam
1599 2391 1640 2422 de
1653 2390 1811 2431 pluribus
1826 2400 1945 2423 canon.
1962 2393 1995 2423 et
2010 2391 2127 2432 presb„
2144 2401 2219 2432 quae
2232 2391 2268 2423 in
2283 2392 2365 2424 eccl.

755 2443 935 2475 Tervisina
951 2443 1075 2474 Petrus
1092 2452 1120 2475 s.
1138 2443 1259 2483 Angeli
1273 2443 1360 2475 diac.
1376 2444 1482 2481 card„
1499 2452 1552 2483 ap.
1567 2444 1600 2476 S.
1625 2446 1668 2476 A.
1686 2444 1866 2476 defunctus
1882 2445 1992 2485 (quus
2010 2445 2122 2477 benef.
2140 2446 2236 2486 Papa
2253 2445 2367 2486 dispo-

756 2497 811 2528 sit.
830 2505 900 2528 suae
918 2498 1163 2537 reservaverat)
1187 2497 1334 2528 obtinuit
1342 2508 1352 2535 ;
1375 2506 1444 2529 non
1469 2497 1554 2529 obst.
1580 2498 1616 2529 in
1639 2498 1723 2530 eccl.
1742 2499 1965 2530 Maceratensi
1989 2508 2109 2531 canon.
2126 2500 2160 2531 et
2179 2498 2299 2539 presb„
2317 2507 2367 2531 ec-

756 2550 861 2582 clesia
877 2551 911 2581 S.
936 2550 981 2582 M.
998 2550 1243 2582 Misericordiae
1265 2551 1306 2582 de
1321 2551 1436 2582 Monte
1455 2551 1577 2583 Sancto
1601 2560 1628 2583 s,
1646 2560 1690 2588 c..
1704 2551 1857 2584 Firman.
1875 2552 1936 2591 di.,
1953 2553 1986 2584 et
2000 2561 2096 2592 exsp.
2117 2552 2274 2584 beneficii
2289 2561 2317 2584 c.
2335 2561 2365 2584 c.

757 2604 812 2636 vel
839 2613 866 2635 s.
882 2612 925 2641 c.‚
942 2603 1082 2635 etiamsi
1110 2604 1260 2644 dignitas
1290 2604 1344 2636 vel
1368 2606 1573 2644 personatus
1603 2604 1742 2643 existat,
1770 2605 1813 2637 ad
1839 2605 2055 2637 collationem
2077 2606 2146 2646 ep.i
2173 2607 2207 2638 et
2224 2606 2368 2646 capituli

757 2658 907 2689 Firman.
927 2657 979 2696 (A.
995 2658 1046 2692 30,
1063 2657 1088 2688 f.
1104 2659 1164 2689 572
1180 2657 1211 2695 ¹¹3
1232 2657 1269 2689 V.
1288 2659 1339 2695 87,
1357 2666 1410 2698 ep.
1425 2658 1533 2698 2342.)

801 2707 940 2739 40979.
957 2729 996 2733 -
1011 2710 1181 2753 Archiep.o
1205 2711 1370 2743 Viennensi
1385 2712 1499 2743 mand.
1514 2712 1564 2749 ut,
1584 2711 1616 2742 si
1632 2712 1700 2751 ipsi
1720 2711 1883 2752 expedire
1900 2711 2083 2748 videbitur,
2099 2721 2226 2745 mensae
2241 2713 2367 2753 prioris

758 2765 791 2795 et
814 2773 909 2795 conv.
938 2764 1110 2804 prioratus
1130 2765 1170 2795 de
1195 2764 1380 2796 Tallueriis
1404 2765 1445 2797 Ο.
1463 2765 1499 2797 S.
1515 2766 1568 2802 B.,
1583 2765 1781 2797 Gebennen.
1799 2765 1861 2802 di.,
1877 2765 1972 2797 uniat
1997 2766 2184 2806 prioratum
2208 2766 2365 2805 Sivriaci,

760 2817 797 2849 Ο.
819 2817 851 2849 S.
870 2820 926 2854 Α.,
942 2817 984 2849 ad
1007 2825 1161 2850 mensam
1177 2818 1245 2858 ep.i
1260 2818 1457 2850 Gebennen.
1476 2820 1698 2858 spectantem,
1717 2819 1775 2859 qui
1794 2820 1933 2859 propter
1948 2819 2168 2851 situationem
2186 2821 2219 2851 et
2235 2819 2366 2851 distan-

758 2871 842 2902 tiam
860 2880 970 2909 suam,
989 2879 1027 2902 ac
1051 2871 1156 2903 etiam
1174 2871 1417 2911 negligentiam
1439 2880 1594 2912 ep.orum
1618 2871 1832 2909 Gebennen.,
1849 2874 1882 2904 et
1906 2872 2167 2918 dissolutionem
2191 2873 2366 2905 canonico-

759 2933 835 2955 rum
849 2925 889 2956 Ο.
908 2925 941 2956 S.
961 2925 1016 2960 A..
1035 2925 1094 2965 qui
1111 2926 1191 2956 sunt
1206 2926 1239 2956 et
1257 2925 1395 2956 fuerunt
1407 2924 1548 2961 ibidem,
1563 2934 1632 2957 non
1646 2926 1760 2966 potest
1776 2926 1812 2957 in
1827 2926 1918 2958 dicto
1932 2926 2050 2958 ordine
2065 2926 2099 2958 S.
2116 2927 2157 2958 A.
2175 2926 2365 2965 reformari,

760 2978 820 3009 sed
835 2986 893 3017 per
908 2978 1016 3009 dictos
1033 2978 1182 3018 priorem
1196 2980 1228 3010 et
1244 2987 1354 3015 conv..
1371 2979 1460 3019 apud
1473 2987 1560 3019 quos
1575 2979 1665 3019 viget
1678 2978 1895 3011 observantia
1903 2979 2071 3020 regularis
2087 2981 2120 3011 et
2137 2979 2262 3020 quibus
2278 2980 2368 3012 idem

759 3031 929 3071 prioratus
950 3031 1095 3063 Sivriaci
1114 3032 1248 3064 vicinus
1272 3032 1403 3068 existit,
1422 3032 1603 3064 reformari
1625 3034 1737 3072 potest
1743 3042 1753 3071 3
1770 3033 1960 3073 prioratum
1976 3034 2090 3065 autem
2110 3033 2268 3071 Lulliaci,
2285 3034 2368 3065 dicti
