2606 3490
371 340 411 371 20

401 428 505 456 Datum
528 421 711 456 Avenione.

438 637 476 665 48
494 640 564 672 sept.
586 636 675 665 1327.

443 685 506 717 (xiv
524 681 581 708 kal.
600 682 672 717 oct.)

459 726 490 754 T.
511 726 558 761 XI,
578 726 651 753 XIII.

518 851 553 878 Ut
570 859 594 877 s.

467 896 498 923 T.
515 895 560 926 XI,
576 894 649 922 XIII.

516 1119 552 1147 Ut
573 1127 596 1147 S.

467 1165 497 1192 T.
514 1165 560 1198 ΧΙ,
574 1164 646 1191 XIII.

521 1333 557 1362 Ut
577 1342 600 1360 s.

464 1379 495 1406 T.
512 1379 558 1411 XI,
575 1377 648 1406 XIII.

519 1548 553 1575 Ut
570 1556 593 1574 s.

467 1594 497 1621 T.
514 1593 560 1627 XI,
575 1592 647 1620 XIII.

519 1709 555 1737 Ut
571 1718 595 1736 s.

467 1755 498 1783 T.
516 1755 562 1788 XI,
577 1754 650 1781 XIII.

444 2032 482 2060 49
496 2035 565 2067 sept.
584 2031 672 2059 1327.

443 2076 509 2113 (xm
527 2076 585 2104 kal.
603 2077 672 2110 oct.)

461 2122 493 2151 T.
514 2122 560 2153 XI,
582 2121 655 2148 XIII.

446 2247 485 2275 20
498 2251 567 2282 sept.
585 2246 672 2274 1327.

449 2292 504 2328 (ΧΠ
521 2292 580 2319 kal.
598 2292 667 2328 oct.)

505 2337 535 2364 T.
556 2337 612 2363 XX.

444 2570 486 2598 22
499 2574 570 2606 sept.
589 2570 676 2599 1327.

463 2616 494 2651 (x
510 2616 570 2644 kal.
591 2616 660 2648 oct.)

509 2661 541 2688 T.
554 2661 609 2687 LX.

523 2733 558 2760 Ut
574 2741 598 2760 s.

509 2778 540 2805 T.
560 2777 615 2812 LX.

727 353 729 355 ν
767 333 942 366 JOANNIS
965 332 1084 364 PAPAE
1106 332 1208 364 XXII.
1233 331 1483 373 (1316-1334).
1506 348 1544 354 --
1566 330 1755 361 LITTERAE
1778 329 2004 362 COMMUNES

800 526 943 566 cupatis.
960 544 998 549 -
1014 527 1052 557 In
1069 535 1098 557 e.
1119 534 1163 556 m.
1184 533 1260 565 ep.o
1278 524 1477 560 Giennensi‚
1502 524 1535 554 et
1554 523 1681 553 decano
1698 522 1873 559 Elboren.‚
1891 532 1929 555 ac
1944 523 2070 555 Joanni
2087 524 2128 556 de
2144 525 2314 566 Trajecto,
2334 534 2408 557 can.

801 579 1008 611 Conchensis
1025 579 1258 610 ecclesiarum.
1274 578 1327 617 (A.
1347 579 1398 615 29,
1413 577 1435 608 f.
1454 578 1514 608 252
1536 581 1563 612 ²3
1588 576 1624 607 V.
1643 577 1695 613 85,
1713 585 1765 616 ep.
1781 578 1869 616 237.)

844 630 982 663 29905.
1000 649 1038 655 -
1060 633 1141 663 Pero
1170 631 1297 663 Geraldi
1315 631 1427 662 collat.
1448 639 1568 661 canon.
1593 629 1657 660 sub
1680 638 1776 669 exsp.
1793 630 1896 670 praeb.
1918 631 1999 662 0001.
2017 631 2163 671 Τιιᾶθιι.,
2178 641 2246 664 non
2268 633 2357 665 obst.
2373 633 2411 664 in

800 687 880 718 eccl.
903 687 943 718 de
966 687 1140 723 citofacta,
1163 685 1378 725 portugalen.
1404 684 1463 722 di.,
1485 692 1602 715 canon.
1631 685 1663 714 et
1688 683 1793 723 praeb.
1812 701 1851 707 —
1876 685 1902 715 Ι.
1922 693 1952 716 0.
1976 693 2022 716 m.
2039 694 2115 725 ep.o
2132 687 2354 727 AEgitanien.‚
2377 687 2411 718 et

801 742 938 772 scolast.
955 740 1176 780 AEgitanien.‚
1194 748 1232 770 ac
1245 739 1369 771 Joanni
1386 737 1570 775 Vincentii‚
1589 746 1662 768 can.
1676 737 1880 769 Bracharen.
1899 738 1981 770 0001.
2001 739 2054 779 (Α.
2068 739 2121 777 29,
2136 739 2160 772 f.
2177 741 2238 772 256
2254 740 2285 778 ἲς
2307 740 2341 771 V.
2357 741 2410 776 85,

801 803 852 835 ep.
869 795 958 833 282.)

845 845 982 878 29906.
999 866 1037 870 -
1061 847 1153 877 Petro
1168 846 1298 876 Martini
1319 845 1456 876 collatio
1478 853 1597 875 canon.
1623 845 1687 876 sub
1712 853 1810 885 exsp.
1836 844 1939 885 praeb.
1960 846 2042 877 eccl.
2066 846 2315 884 Astoricensis;
2341 856 2412 880 non

802 901 888 933 obst.
911 902 946 932 in
969 901 1048 932 eccl.
1072 900 1245 940 Seguntin.
1271 899 1472 931 canonicatu
1497 898 1561 929 sub
1585 907 1682 938 exsp.
1701 898 1804 938 praeb.
1833 900 1865 930 et
1887 899 2215 939 praestimoniorum,
2243 903 2345 942 atque
2372 901 2410 933 in

801 955 986 987 Oxomensi
1004 955 1036 986 et
1064 954 1219 986 Caurien.
1238 953 1283 984 di.
1303 952 1510 992 quibusdam
1534 953 1862 992 praestimonialibus
1888 953 2117 993 portionibus,
2135 963 2202 986 non
2217 954 2273 986 hic
2292 955 2333 987 de
2353 963 2410 987 vo·

801 1009 929 1039 luntate
945 1009 1044 1047 Papae
1070 1008 1256 1047 expressis.
1271 1024 1310 1028 —
1336 1007 1374 1036 In
1391 1015 1420 1037 e.
1442 1015 1488 1036 m.
1507 1006 1620 1037 abbati
1637 1006 1678 1037 de
1695 1006 1851 1038 Cei-vatis
1874 1008 2036 1047 Burgen.,
2054 1009 2088 1039 et
2111 1008 2280 1040 Oxomen.
2298 1017 2337 1040 ac
2352 1017 2411 1040 sae·

801 1062 867 1093 cul.
884 1062 1090 1097 Vallisoleti,
1109 1061 1277 1092 Palentin.
1297 1060 1356 1097 di.,
1375 1059 1549 1099 prioribus
1566 1060 1646 1091 eccl.
1664 1060 1718 1100 (A.
1737 1062 1788 1095 29,
1806 1061 1829 1092 f.
1847 1062 1907 1092 373
1925 1060 1956 1097 ¹³3
1979 1060 2012 1093 V.
2030 1063 2081 1099 85,
2099 1070 2152 1102 ep.
2172 1063 2260 1102 476.)

847 1113 982 1144 29907.
1001 1134 1038 1138 -
1064 1115 1180 1146 Garsiae
1194 1114 1340 1145 Roderici
1362 1113 1399 1144 de
1415 1113 1526 1143 Penna
1548 1113 1682 1145 Aranda
1705 1114 1843 1146 collatio
1860 1123 1979 1146 canon.
1998 1115 2062 1146 sub
2088 1124 2182 1156 exsp.
2211 1115 2315 1156 praeb.
2333 1124 2412 1148 cum

801 1169 1046 1209 praestimoniis
1070 1170 1102 1200 et
1127 1167 1455 1208 praestimonialibus
1484 1167 1700 1207 portionibus
1725 1169 1806 1199 eccl.
1833 1169 2029 1209 Seguntin.;
2050 1178 2118 1201 non
2148 1169 2236 1201 obst.
2265 1170 2301 1201 in
2328 1170 2410 1202 eccl.

801 1231 829 1253 s.
845 1223 1021 1254 Michaelis
1047 1223 1087 1253 de
1112 1222 1230 1253 Penna
1253 1222 1404 1259 Aranda,
1423 1222 1591 1254 Oxomen.
1615 1222 1674 1260 di.,
1693 1222 1842 1262 quodam
1860 1222 1973 1254 benef.
1996 1232 2024 1256 0.
2044 1232 2071 1254 0.
2091 1240 2131 1246 --
2154 1224 2195 1255 In
2213 1232 2242 1255 0.
2262 1232 2308 1255 m.
2327 1224 2366 1255 ut
2382 1232 2412 1254 s.

801 1277 852 1315 (A.
874 1277 925 1313 29,
944 1276 965 1306 f.
980 1277 1040 1306 414
1056 1282 1084 1312 ²3
1106 1276 1141 1307 V.
1160 1277 1210 1313 85,
1230 1285 1281 1315 ep.
1304 1276 1390 1314 537.)

846 1327 981 1359 29908.
998 1347 1037 1352 -—-
1053 1329 1181 1360 Nicolao
1210 1333 1283 1359 nato
1301 1329 1436 1359 Joannis
1460 1329 1498 1359 de
1521 1329 1727 1359 Ternibilibus
1753 1329 1790 1360 de
1814 1329 1939 1360 Amelia
1963 1339 2058 1370 prov.
2083 1339 2202 1362 canon.
2231 1330 2295 1362 sub
2312 1339 2410 1372 exsp.

801 1383 903 1423 praeb.
930 1384 1010 1414 eccl.
1027 1393 1053 1414 s.
1072 1383 1218 1415 Secundi
1236 1391 1341 1422 prope
1363 1383 1545 1415 Ameliam.
1568 1401 1607 1406 -—-
1634 1384 1659 1414 I.
1679 1392 1708 1415 e.
1730 1392 1776 1414 m.
1794 1393 1873 1424 mag
1904 1384 2073 1416 Rainaldo
2092 1385 2134 1416 de
2159 1384 2243 1416 filiis
2264 1385 2346 1417 Ursi
2362 1393 2412 1416 ar-

801 1437 888 1468 chid.
906 1437 946 1468 de
962 1437 1140 1478 Campinia
1163 1437 1340 1474 Leodien.,
1357 1438 1458 1477 Papae
1473 1439 1557 1475 not.,
1576 1439 1608 1468 et
1629 1437 1744 1468 abbati
1762 1438 1877 1468 saecul.
1897 1447 1925 1468 s.
1943 1433 2138 1475 Concordii.
2161 1438 2330 1470 Amelien.
2350 1438 2411 1476 di.,

801 1500 838 1522 ac
857 1491 948 1522 Nuto
964 1491 1146 1528 Tiralardi,
1165 1500 1236 1522 can.
1256 1491 1423 1522 Amelien.
1441 1491 1523 1522 eccl.
1542 1491 1594 1531 (A.
1611 1493 1662 1525 31,
1682 1491 1706 1522 f.
1723 1492 1782 1522 366
1797 1491 1826 1528 b;
1849 1491 1882 1522 V.
1900 1493 1951 1527 88,
1972 1501 2025 1532 ep.
2042 1493 2150 1531 3362.)

845 1542 983 1574 29909.
1000 1563 1038 1567 -
1056 1545 1217 1575 Mannutz'o
1234 1545 1320 1575 Petri
1335 1545 1515 1575 Massarotii
1530 1545 1566 1576 de
1584 1545 1706 1575 Amelia
1724 1544 1851 1576 similis
1871 1545 1982 1586 gratia
2002 1545 2038 1576 in
2055 1546 2135 1577 0001.
2150 1546 2352 1578 Ameliensi.
2374 1564 2411 1569 —

799 1598 825 1629 I.
845 1607 872 1629 e.
891 1608 934 1630 m.
954 1608 1039 1639 mag.
1065 1599 1245 1638 Rainaldo‚
1271 1601 1304 1630 et
1330 1599 1445 1630 abbati
1468 1599 1687 1638 supradictis,
1708 1608 1746 1630 ac
1771 1599 1877 1639 priori
1905 1607 1933 1630 s.
1951 1599 2128 1631 Laurentii
2152 1600 2193 1631 de
2216 1599 2412 1637 Orvestule,

801 1653 967 1684 Amelien.
988 1653 1032 1684 di.
1049 1654 1099 1692 (A.
1114 1655 1163 1691 31,
1187 1653 1209 1684 f.
1226 1654 1286 1684 367
1302 1657 1330 1690 ·;
1353 1653 1388 1684 V.
1410 1654 1460 1690 88,
1479 1662 1530 1692 ep.
1548 1653 1655 1692 3363.)

845 1704 984 1736 29910.
996 1725 1033 1729 -
1047 1706 1206 1738 Gualterio
1221 1706 1377 1737 Thomasii
1386 1706 1423 1737 de
1435 1706 1582 1738 Baczano
1594 1707 1707 1738 collat.
1723 1715 1842 1737 canon.
1857 1706 1920 1737 sub
1935 1715 2030 1747 exsp.
2048 1707 2153 1746 praeb.
2170 1707 2253 1738 0001.
2267 1716 2296 1738 s.
2307 1707 2415 1739 Justae

800 1761 840 1791 de
858 1762 1010 1792 Baczano
1034 1761 1211 1800 Aquilen.;
1229 1770 1297 1792 non
1315 1760 1402 1792 obst.
1428 1761 1463 1791 in
1483 1769 1509 1792 S.
1528 1755 1685 1792 Flaviani
1707 1761 1747 1791 de
1773 1760 1942 1791 Turribus
1965 1761 2142 1801 Aquilen.‚
2158 1761 2191 1792 S.
2210 1761 2255 1793 M.
2279 1761 2320 1792 de
2342 1761 2414 1793 Ro-

799 1814 891 1851 bore,
919 1824 944 1845 s.
962 1815 1120 1855 Eugeniae
1140 1816 1172 1846 et
1195 1815 1228 1846 S.
1248 1816 1292 1846 M.
1314 1815 1355 1846 de
1380 1815 1521 1847 Ortucla
1542 1815 1637 1851 eccl..
1656 1814 1838 1846 Marsican.
1859 1814 1920 1850 di.,
1941 1814 2199 1846 canonicatibus
2215 1816 2248 1846 et
2263 1814 2413 1855 praeben·

801 1869 870 1906 (11ος
889 1869 1059 1899 modicum
1085 1878 1164 1900 vero
1183 1877 1278 1908 perp.
1301 1868 1413 1900 benef.
1429 1870 1448 1900 8
1466 1869 1539 1900 flor.
1557 1869 1631 1899 auri
1650 1869 1685 1899 in
1703 1869 1778 1908 ipsa
1794 1868 1876 1900 eccl.
1894 1877 1920 1899 s.
1940 1869 2047 1899 Justae
2070 1868 2243 1900 dimittere
2265 1869 2414 1900 tenetur.

800 1941 837 1945 —
853 1923 879 1953 Ι.
898 1932 925 1954 0.
945 1932 989 1954 m.
1017 1923 1143 1953 archid.
1162 1923 1202 1954 de
1220 1923 1371 1954 Ardenia
1395 1923 1571 1959 Leodien.,
1591 1924 1624 1954 et
1645 1923 1779 1954 Buxolo
1799 1923 1840 1953 de
1859 1923 1996 1962 Parma,
2011 1923 2195 1961 Veronen„
2212 1931 2251 1954 ac
2273 1922 2414 1954 Giraldo

801 1977 841 2007 de
860 1977 955 2014 Lalo,
973 1977 1223 2008 Claromonten.
1242 1977 1323 2008 eccl.
1340 1986 1427 2015 can.,
1445 1977 1513 2008 PP.
1531 1977 1730 2016 capellanis.
1749 1976 1801 2015 (Α.
1820 1978 1872 2012 29,
1891 1977 1915 2007 f.
1932 1977 1990 2008 186
2005 1975 2035 2014 k’;
2057 1976 2092 2008 V.
2110 1977 2162 2012 88,
2181 1985 2235 2016 ep.
2251 1977 2360 2015 3521.)

847 2028 983 2060 29911.
1001 2048 1038 2053 —-—
1055 2030 1178 2068 Othoni,
1196 2035 1269 2061 nato
1290 2031 1432 2072 Huyonis
1455 2030 1492 2061 de
1514 2030 1662 2062 Cz'stercio
1683 2030 1803 2066 militis,
1821 2030 1935 2062 collat.
1960 2039 2077 2062 canon.
2101 2030 2164 2061 sub
2187 2038 2284 2070 exsp.
2308 2029 2414 2070 praeb.

802 2085 881 2115 eccl.
900 2085 931 2116 S.
952 2084 994 2115 M.
1015 2085 1054 2115 de
1079 2086 1196 2122 Belna,
1214 2085 1360 2116 AEduen.
1378 2085 1423 2116 di.
1442 2103 1479 2108 —-
1500 2085 1528 2115 I.
1547 2094 1575 2116 e.
1593 2093 1638 2116 m.
1658 2084 1735 2115 abb.
1759 2084 1944 2116 Cerviduni
1967 2084 2127 2120 AEduen.‚
2144 2085 2177 2115 et
2197 2084 2324 2115 Joanni
2346 2084 2417 2115 Mo-

802 2139 887 2174 relli,
906 2139 946 2169 de
961 2139 1098 2174 Salinis,
1116 2139 1317 2178 Lingonen„
1333 2141 1435 2179 atque
1452 2138 1578 2170 Othoni
1594 2138 1778 2176 Bauduini,
1794 2138 1989 2169 Lausanen.
2007 2138 2180 2169 canonicis
2198 2138 2279 2169 eccl.
2297 2138 2413 2178 (Α.29,

802 2192 825 2222 f.
845 2194 904 2223 170
919 2192 948 2230 b;
974 2192 1006 2222 V.
1025 2194 1075 2230 85,
1094 2202 1145 2232 ep.
1164 2194 1248 2231 101.)

847 2243 985 2275 29912.
1003 2265 1042 2269 —
1065 2247 1186 2277 Decano
1203 2257 1226 2277 s.
1246 2247 1401 2288 Stephani
1417 2247 1452 2277 de
1469 2246 1602 2277 Tescone
1619 2245 1855 2281 Montisdban„
1872 2250 1902 2275 et
1914 2245 2035 2275 archid.
2053 2245 2214 2286 Fiqiacen.
2234 2245 2412 2283 Caturcen„

804 2310 838 2330 ac
855 2301 976 2330 cantori
988 2300 1128 2332 AEduen.
1146 2300 1342 2331 ecclesiarum
1355 2301 1468 2332 mand.
1486 2310 1547 2340 pro
1563 2301 1744 2332 collatione
1763 2309 1880 2331 canon.
1897 2301 1930 2330 et
1946 2299 2049 2339 praeb.
2068 2299 2147 2330 0001.
2163 2299 2197 2330 S.
2212 2299 2257 2330 M.
2271 2299 2414 2331 Montis-

803 2355 940 2394 regalis‚
957 2355 1100 2387 AEduen.
1120 2355 1179 2393 di.,
1198 2364 1259 2394 per
1275 2355 1405 2386 obitum
1422 2355 1588 2386 Bernardi
1603 2354 1763 2390 Botoilla,
1779 2354 1812 2385 S.
1830 2354 1870 2385 A.
1892 2362 1978 2393 cap„
1997 2362 2082 2390 vac„
2102 2353 2275 2384 Bernardo
2293 2353 2334 2384 de
2350 2353 2416 2384 Po·

804 2409 872 2443 dio,
888 2409 1011 2439 rectori
1025 2409 1104 2439 eccl.
1124 2409 1163 2439 de
1178 2409 1380 2440 Villarzello
1395 2418 1473 2439 cum
1488 2408 1561 2439 suis
1575 2407 1857 2448 dependentibus,
1875 2407 2070 2439 Narbonen.
2087 2407 2146 2444 di.,
2165 2409 2197 2438 et
2211 2406 2416 2438 beneficium

804 2462 993 2493 ecclesiast.
1011 2471 1037 2494 s.
1057 2471 1084 2494 c.
1103 2463 1145 2493 ad
1167 2463 1385 2494 collationem
1404 2463 1473 2502 ep.i
1496 2462 1736 2494 Montisalban.
1756 2461 1979 2501 exspectanti.
1997 2460 2052 2501 (A.
2066 2462 2119 2499 29,
2135 2461 2159 2491 f.
2178 2462 2236 2492 129
2253 2466 2283 2498 “;
2309 2460 2346 2492 V.
2362 2461 2414 2498 85,

805 2525 857 2555 ep.
875 2516 941 2554 85.)

850 2570 860 2581 ²
882 2567 1019 2599 29913.
1040 2587 1077 2592 -
1093 2570 1263 2611 Episcopis
1280 2570 1442 2602 Casertan.
1461 2575 1490 2600 et
1507 2570 1648 2611 Equensi
1666 2570 1779 2601 mand.
1796 2570 1833 2600 ut
1853 2569 1966 2605 Petro,
1986 2568 2091 2599 electo
2108 2568 2143 2599 in
2159 2568 2331 2599 discordia
2349 2567 2415 2600 Lit-

803 2624 943 2659 terensi,
961 2633 1084 2654 munus
1108 2625 1375 2655 consecrationis
1400 2633 1460 2664 per
1483 2633 1597 2664 ep.um
1619 2624 1874 2660 Ravellensem,
1902 2622 1989 2662 ipsis
2012 2622 2268 2659 assistentibus,
2286 2622 2416 2662 impen-

805 2678 883 2709 dere
901 2678 1037 2708 faciant.
1058 2677 1109 2716 (Α.
1128 2679 1178 2715 29,
1196 2678 1218 2709 f.
1238 2680 1297 2708 112
1311 2684 1338 2715 ³3
1366 2678 1399 2708 V.
1418 2679 1470 2716 85,
1490 2687 1542 2718 ep.
1557 2679 1622 2718 35.)

848 2730 860 2741 ”
877 2728 1013 2761 29914.
1024 2731 1199 2763 -Decano
1217 2736 1246 2762 et
1261 2733 1356 2772 capit.
1376 2732 1449 2762 eccl.
1464 2743 1487 2763 s.
1506 2731 1666 2762 Michaelis
1683 2730 1861 2762 Castrinovi
1876 2731 1913 2762 de
1925 2730 2029 2766 Arrio,
2046 2740 2071 2760 s.
2090 2730 2206 2770 Papuli
2222 2729 2414 2767 di.,indult.

804 2787 963 2825 utusque
980 2785 1022 2816 ad
1047 2795 1090 2815 xx
1108 2794 1215 2816 annos
1239 2794 1343 2816 unam
1361 2787 1540 2817 dumtaxat
1560 2786 1835 2825 procurationem
1853 2794 1951 2824 ep.us
1968 2794 1996 2815 s.
2009 2784 2133 2824 Papuli
2149 2783 2280 2815 ratione
2298 2783 2415 2813 visita-

803 2839 908 2870 tionis
935 2839 1108 2879 percipere
1137 2839 1259 2878 possit,
1284 2841 1384 2878 prout
1407 2840 1595 2875 consuevit,
1623 2842 1805 2879 antequam
1830 2839 1919 2870 dicta
1945 2838 2089 2869 ecclesia
2118 2838 2204 2868 foret
2229 2837 2265 2867 in
2294 2836 2413 2876 colleg.

805 2894 927 2929 erecta,
941 2892 1022 2923 licet
1038 2893 1122 2932 ipse,
1135 2894 1303 2932 praetextu
1315 2894 1404 2932 quod
1419 2893 1562 2925 sacrista
1575 2893 1693 2933 populi
1710 2902 1770 2924 seu
1786 2892 2069 2932 parochianorum
2081 2891 2192 2931 ipsius
2206 2890 2286 2922 0001.
2299 2898 2416 2921 curam

805 2946 902 2986 gerit,
918 2945 1000 2976 eisd.
1020 2946 1167 2985 capitulo
1185 2947 1369 2985 separatim
1386 2948 1419 2978 et
1433 2947 1533 2978 dictis
1545 2947 1697 2978 sacristae
1712 2955 1750 2978 ac
1765 2947 1891 2986 populo
1903 2946 2100 2986 impendere
2116 2945 2188 2975 vult
2203 2943 2414 2975 visitationis

806 2999 957 3030 officium
976 3000 1007 3030 et
1023 3001 1202 3038 propterea
1218 3000 1303 3030 duas
1327 3001 1501 3040 percipere
1519 3001 1788 3040 procurationes
1809 3000 2005 3039 Sequuntur
2024 2999 2092 3030 alia
2107 2998 2288 3038 privilegia
2304 2997 2415 3036 quoad

803 3053 860 3093 jus
876 3053 1103 3092 praesentandi
1117 3061 1211 3092 perp.
1230 3053 1376 3085 vicarios
1394 3054 1436 3085 ad
1450 3056 1633 3094 perpetuas
1650 3054 1795 3085 vicarias
1812 3053 1846 3085 in
1860 3053 2016 3085 ecclesiis
2033 3052 2118 3084 eisd.
2144 3051 2244 3091 capit.
2263 3050 2415 3090 assigna-
