2560 3476
572 340 746 372 JOANNlS
769 341 888 373 PAPAE
909 342 1013 391 XXII.
1035 346 1284 384 (1316-1334).
1307 360 1347 365 -
1369 341 1556 373 LITTERAE
1579 340 1804 373 COMMUNES
2147 341 2206 371 267

208 431 313 459 Datum
331 424 514 458 Avenione.

247 531 288 560 25
302 533 371 559 maii
387 531 475 559 1328.
648 527 789 561 41295.
805 549 845 554 -
859 530 972 561 Eidem
990 530 1195 570 indulgetur,
1212 530 1254 561 ad
1277 530 1560 570 quinquennium,
1577 531 1614 561 ut
1631 530 1807 561 confessor
1825 529 2049 560 familiarium
2065 537 2206 560 suorum

248 578 318 648 (ῊῙἹξ
331 575 476 648 Κὲξὲἑῦηθ
604 585 838 616 confessiones
854 585 971 616 audire
985 586 1017 615 et
1031 584 1111 615 illos
1124 593 1143 615 a
1158 584 1305 623 peccatis
1322 583 1493 619 omnibus,
1512 585 1737 623 praeterquam
1754 583 1790 614 in
1814 582 1950 614 casibus
1967 583 2001 614 S.
2022 585 2063 613 A.
2081 582 2135 613 vel
2152 591 2206 613 or-

605 638 748 670 dinariis
764 638 960 676 reservatis,
976 637 1152 669 absolvere
1170 637 1288 677 eisque
1308 637 1376 668 alia
1396 638 1607 668 sacramenta
1624 636 1856 668 ecclesiastica
1873 636 2070 668 ministrare
2085 637 2206 667 valeat.

605 692 658 730 (A.
674 693 725 727 30,
745 692 767 722 f.
784 693 843 722 423
859 697 883 728 ²3
909 691 944 723 V.
961 692 1012 727 86,
1030 699 1082 730 ep.
1103 691 1205 729 1956.)

323 745 359 773 Ut
375 754 398 772 s.
651 742 786 775 41296.
808 764 845 768 -
864 745 979 775 Eidem
999 744 1067 784 reqi
1089 744 1285 784 indulgetur
1301 745 1350 779 ut,
1367 744 1501 783 quoties
1520 752 1634 774 coram
1653 752 1692 774 eo
1711 743 1855 783 proponi
1871 742 2050 782 contigerit
2067 742 2208 773 verbum

172 794 195 822 Ῡ
320 791 350 817 Τ·
371 790 405 817 Χ·
604 799 680 835 Dei,
706 799 906 838 praedicator
931 797 1089 829 omnihus
1112 797 1336 839 praesentibus
1361 807 1370 827 1
1400 797 1480 828 anni
1500 797 1745 836 indulgentiam
1773 796 1885 828 valeat
1907 796 2056 836 elargiri.
2080 796 2132 834 (A.
2157 797 2208 832 30,

605 853 628 883 f.
646 854 704 883 423
722 858 750 888 τι,
771 852 802 882 V.
820 854 871 887 86,
888 860 940 891 ep.
962 852 1066 888 1957.)

322 907 358 934 Ut
377 916 400 934 s
650 903 787 935 41297.
804 925 842 930 —
856 906 971 936 Eidem
979 905 1047 944 reqz·
1056 905 1250 944 indulgetur
1265 905 1301 936 ut
1311 904 1411 935 liceat
1428 904 1506 943 ipsi,
1519 904 1648 935 inlocis
1660 904 1890 935 ecclesiastico
1908 904 2095 943 suppositis
2110 904 2211 934 inter-

300 952 330 978 T.
350 952 420 978 xvl.

605 959 706 995 dicto,
723 969 800 991 cum
816 959 948 991 familia
968 967 1030 990 sua
1047 958 1159 989 officia
1173 958 1288 988 divina
1303 957 1432 993 audire,
1452 958 1493 988 ad
1510 957 1619 988 instar
1635 957 1822 988 Alexandri
1839 958 1939 997 Papae
1955 958 2003 989 IV
2019 957 2089 997 qui,
2107 966 2211 988 sacrae

605 1013 778 1045 memoriae
796 1013 893 1044 beato
910 1012 1093 1046 Ludovico,
1109 1011 1151 1042 R.
1178 1012 1231 1047 F.‚
1257 1011 1464 1051 progenitori
1483 1010 1568 1050 ejuS,
1595 1013 1627 1042 et
1650 1010 1783 1042 Nicolai
1807 1011 1908 1050 Papae
1933 1011 1992 1046 III,
2012 1011 2070 1050 qui
2095 1011 2136 1041 cl.
2165 1019 2211 1041 m.

605 1067 778 1106 Philippo,
793 1067 834 1098 R.
853 1067 905 1103 F„
925 1065 1133 1105 progenitori
1150 1065 1329 1104 suiipsius,
1347 1065 1380 1095 et
1395 1064 1522 1102 Mariae,
1534 1064 1633 1095 uxori
1649 1065 1733 1103 erS,
1749 1064 1790 1095 R.
1807 1064 1858 1101 F„
1874 1064 1965 1095 idem
1982 1064 2210 1095 indulserunt.

605 1120 658 1161 (A.
674 1121 726 1158 30,
743 1120 768 1150 f.
784 1121 843 1150 423
862 1125 891 1155 ²3
915 1119 950 1150 V.
970 1120 1021 1155 86,
1037 1127 1089 1158 ep.
1109 1119 1212 1158 1958.)

323 1174 359 1201 Ut
375 1182 399 1201 s.
651 1171 787 1203 41298.
805 1191 844 1196 -
858 1172 972 1203 Eidem
988 1172 1055 1213 reyi
1074 1172 1270 1212 indulgetur
1287 1172 1324 1202 ut
1339 1172 1534 1211 apostolicae
1554 1171 1607 1202 vel
1627 1171 1750 1210 aliquae
1766 1171 1853 1208 aliae,
1870 1172 2097 1211 praeterquam
2116 1180 2211 1202 cano·

306 1220 336 1247 T·
355 1219 414 1247 ΧΠ·
604 1229 656 1258 nis
670 1221 1034 1258 excommunicationis
1060 1226 1115 1257 vel
1130 1226 1312 1260 interdicti,
1332 1225 1510 1256 sententiaa
1534 1225 1722 1265 generales,
1743 1225 1786 1255 ad
1810 1233 1991 1264 personam
2018 1233 2126 1259 suam⁷
2145 1225 2214 1255 nisi

604 1281 689 1312 forte
705 1281 741 1312 in
755 1281 806 1312 eis
822 1289 983 1321 expressa
995 1280 1124 1311 mentio
1142 1280 1249 1317 fieret,
1266 1279 1405 1310 extendi
1420 1288 1486 1310 non
1500 1279 1655 1315 valeant,
1673 1279 1715 1309 ad
1726 1279 1836 1309 instar
1851 1278 2038 1310 Alexandri
2054 1279 2154 1318 Papae
2165 1279 2213 1310 IV
2242 1278 2246 1282 ”

605 1335 664 1374 qui
686 1343 790 1367 sacrae
816 1334 989 1366 memoriae
1014 1333 1111 1364 beato
1132 1333 1315 1370 Ludovico,
1334 1334 1375 1364 R.
1401 1333 1453 1369 F„
1472 1332 1681 1372 progenitori
1698 1332 1783 1372 ejus,
1809 1332 1899 1363 idem
1919 1332 2071 1363 indulsit.
2092 1333 2142 1370 (A.
2161 1333 2213 1368 30,

604 1388 628 1419 f.
644 1389 703 1418 423
721 1388 750 1425 ι’;
776 1387 808 1418 V.
827 1389 878 1425 86,
896 1397 948 1427 ep.
967 1388 1072 1426 1959.)

293 1433 300 1437 ’
320 1442 357 1470 Ut
372 1450 395 1469 e.
649 1439 790 1471 41299.
804 1459 842 1464 -
865 1441 1029 1482 Philippo,
1048 1441 1099 1478 le„
1115 1445 1144 1471 et
1158 1440 1300 1478 Joarmae,
1318 1440 1356 1471 R.
1375 1441 1428 1477 F„
1442 1440 1638 1480 indulgetur
1653 1441 1690 1471 ut
1707 1439 1852 1480 quilibet
1866 1439 2041 1471 confessor
2058 1440 2213 1479 ipsorum

286 1487 317 1515 Τ·
339 1487 434 1515 XXW·
604 1495 745 1527 cuilibet
764 1495 918 1534 ipsorum
937 1494 1170 1526 ecclesiastica
1187 1496 1400 1525 sacramenta
1417 1494 1613 1525 ministrare
1630 1493 1753 1525 valeat.
1774 1493 1829 1534 (A.
1847 1495 1899 1530 30,
1927 1493 1948 1524 f.
1972 1494 2031 1523 423
2048 1493 2077 1530 ¹³3
2103 1493 2138 1524 V.
2162 1495 2214 1530 86,

605 1558 657 1589 ep.
677 1550 782 1587 1960.)

320 1603 357 1631 Ut
374 1612 397 1630 s.
650 1600 789 1632 41300.
806 1620 846 1625 —-
860 1602 1013 1644 Philippo
1031 1602 1070 1633 R.
1090 1603 1128 1633 F.
1152 1601 1349 1643 supplicante
1366 1602 1560 1633 conceditur
1577 1602 1706 1641 iudulg.
1733 1610 1780 1632 xx
1806 1601 1939 1632 dierum
1962 1601 2139 1632 orantibus
2153 1609 2214 1639 pro

319 1648 350 1675 T·
372 1648 404 1675 Χ·
606 1656 786 1687 animabus
805 1657 983 1695 parentum
1001 1664 1142 1687 suorum
1167 1656 1199 1687 et
1218 1655 1331 1687 Caroli
1353 1655 1396 1687 R.
1417 1656 1455 1686 F.
1477 1657 1509 1686 et
1524 1656 1566 1686 N.
1586 1655 1638 1692 (A.
1657 1656 1708 1692 30,
1727 1655 1750 1685 f.
1768 1656 1828 1686 423
1849 1654 1880 1690 ¹³;
1905 1654 1941 1685 V.
1967 1655 2017 1692 86,
2044 1663 2096 1694 ep.
2116 1655 2214 1691 1961;

606 1710 735 1745 Tardis,
753 1719 805 1749 op.
823 1710 890 1747 cit„
911 1718 944 1749 p.
965 1711 1035 1744 192,
1053 1718 1087 1740 n.
1106 1709 1272 1749 CCXIX.)

323 1763 359 1791 Ut
379 1772 402 1790 s.
653 1761 792 1793 41301.
811 1780 849 1785 -
865 1762 979 1793 Eidem
996 1763 1190 1802 indulgetur
1208 1764 1244 1793 ut
1267 1762 1474 1793 monasteria
1490 1762 1703 1798 monialium,
1720 1761 1964 1801 cujuscumque
1981 1763 2053 1793 ord.
2073 1763 2212 1798 fuerint,

322 1808 352 1835 T.
369 1809 401 1836 X.

607 1826 684 1848 cum
701 1827 758 1847 v111
780 1815 942 1847 fratribus
957 1816 1222 1847 Praedicatorum
1241 1818 1273 1846 et
1289 1816 1459 1846 Minorum
1476 1816 1561 1852 ord.,
1579 1824 1615 1846 ac
1630 1815 1774 1846 honesta
1789 1817 1822 1846 et
1839 1815 1970 1846 decenti
1987 1816 2164 1847 hominum
2182 1817 2216 1847 et

606 1871 792 1902 mulierum
809 1870 980 1909 comitiva,
998 1870 1130 1910 ingredi
1147 1870 1268 1905 valeat,
1286 1869 1492 1900 dummodo'
1484 1878 1518 1899 1n
1535 1869 1753 1900 monasteriis
1771 1869 1856 1908 ipsis
1876 1878 2091 1909 nequaquam
2115 1870 2216 1901 edant

607 1925 660 1955 vel
676 1924 894 1963 aliquatenus
916 1924 1126 1962 pernoctent.
1146 1923 1198 1962 (A.
1218 1924 1268 1960 30,
1295 1923 1317 1953 f.
1335 1924 1395 1954 427
1411 1922 1444 1958 b,
1469 1922 1504 1954 V.
1526 1924 1576 1958 86,
1594 1931 1647 1962 ep.
1667 1924 1764 1958 1962,
1781 1922 1900 1960 Eubel,
1918 1922 2097 1953 Bullarium
2112 1923 2216 1953 Fran-

608 1978 774 2015 ciscanum,
795 1979 820 2008 t.
835 1978 877 2014 V,
896 1985 928 2016 p.
947 1978 1018 2012 344,
1035 1986 1067 2007 n.
1085 1978 1155 2008 709.
1160 1978 1171 2015 )

322 2031 359 2059 Ut
379 2039 402 2058 s.
653 2028 793 2061 41302.
810 2049 850 2053 -
864 2030 977 2061 Eidem
995 2031 1061 2070 reqi
1077 2031 1271 2070 indulgetur
1285 2032 1321 2061 ut
1338 2030 1512 2061 confessor
1528 2039 1612 2061 suus
1626 2039 1728 2070 super
1740 2030 1882 2070 jejuniis
1897 2030 1938 2061 ab
1954 2031 2107 2062 Ecclesia
2123 2039 2218 2062 cons-

293 2076 323 2104 Τ
341 2076 435 2103 xxlv.
607 2085 721 2116 titutis
751 2085 803 2116 vel
817 2084 917 2124 Juxta
935 2093 1063 2115 morem
1086 2084 1248 2123 partium,
1268 2085 1302 2115 in
1319 2083 1451 2123 -quibus
1467 2084 1559 2115 idem
1580 2093 1641 2115 rex
1666 2083 1780 2121 fuerit,
1801 2083 1994 2115 observatis
2015 2085 2216 2123 dispensare

608 2138 719 2170 valeat
736 2138 784 2169 ita
801 2139 838 2169 ut
855 2138 889 2168 in
903 2137 1044 2177 Jejuniis
1063 2137 1269 2177 supradictis
1287 2146 1325 2168 ac
1345 2137 1423 2168 aliis
1442 2137 1563 2168 diebus
1583 2137 1709 2177 quibus
1725 2138 1776 2168 est
1793 2146 1874 2169 esus
1889 2137 2042 2169 carnium
2058 2138 2217 2169 interdic-

608 2193 676 2229 tus,
704 2191 888 2223 dummodo
909 2191 949 2222 de
984 2191 1128 2222 consilio
1152 2191 1363 2222 medicorum
1390 2191 1460 2229 fiat,
1485 2191 1596 2222 dictus
1622 2200 1683 2222 rex
1702 2191 1793 2223 licite
1819 2191 1980 2222 carnibus
2009 2191 2120 2231 possit
2154 2191 2215 2223 uti.

608 2245 663 2286 (A.
684 2246 735 2283 30,
756 2245 779 2277 f.
797 2245 901 2283 427113
925 2245 960 2277 V.
981 2246 1031 2280 86,
1051 2254 1103 2284 ep.
1127 2246 1232 2284 1963.)

323 2300 360 2328 Ut
379 2308 403 2328 s.
655 2296 793 2328 41303.
811 2316 850 2322 -
867 2298 979 2329 Eidem
994 2299 1062 2338 re9i
1076 2307 1168 2330 conc.
1186 2300 1233 2336 ut,
1254 2299 1284 2329 si
1302 2298 1474 2338 contingat
1492 2298 1606 2338 ipsum
1623 2298 1776 2337 ipsiusve
1795 2298 1973 2330 ministros
1990 2298 2125 2338 aliquos
2149 2299 2215 2329 cle-

301 2345 332 2371 T.
354 2345 425 2372 xiv.

610 2353 699 2384 ricos
716 2353 853 2392 propter
868 2361 986 2383 eorum
1009 2352 1161 2383 facinora
1178 2351 1311 2392 publice
1330 2352 1532 2390 diffamatos,
1557 2352 1598 2383 de
1618 2361 1762 2391 quorum
1785 2351 1864 2392 fuga
1885 2352 2057 2389 timeatur,
2086 2360 2218 2391 capere,

610 2406 762 2437 detinere
793 2414 853 2437 seu
875 2406 950 2445 capi
975 2406 1083 2437 facere
1106 2405 1160 2436 vel
1177 2406 1280 2437 etiam
1302 2406 1458 2442 detineri,
1482 2414 1697 2446 nequaquam
1720 2414 1849 2437 excom.
1875 2406 2080 2450 sententiam
2106 2406 2217 2436 incur-

609 2460 698 2497 rant,
714 2460 756 2490 ad
771 2459 880 2490 instar
895 2458 1028 2491 Nicolai
1045 2460 1146 2499 Papae
1167 2459 1214 2490 IV
1231 2459 1290 2499 qui
1313 2459 1404 2491 idem
1422 2459 1593 2499 Philippo,
1613 2460 1654 2491 R.
1671 2460 1723 2494 R,
1741 2459 1852 2499 ipsius
1878 2460 2013 2499 patruo,
2030 2459 2218 2495 concessit3

611 2513 707 2544 nulla
723 2515 837 2544 tamen
857 2514 994 2552 propter
1008 2513 1071 2544 hoc
1086 2513 1186 2544 datur
1201 2513 1340 2544 licentia
1356 2513 1445 2544 dicto
1462 2513 1532 2553 regi
1550 2513 1761 2544 ministrisve
1786 2513 1861 2544 suis
1875 2513 2018 2543 clericos
2035 2512 2129 2552 ipsos
2147 2513 2220 2543 tali-

609 2568 663 2598 ter
687 2566 855 2606 capiendi,
884 2575 945 2598 nec
971 2567 1081 2606 captio
1111 2566 1166 2598 vel
1191 2567 1341 2598 detentio
1364 2575 1482 2598 eorum
1511 2566 1731 2607 approbatur.
1758 2567 1811 2607 (A.
1839 2568 1890 2603 30,
1917 2566 1950 2597 f:
1972 2567 2032 2597 427
2050 2565 2079 2603 1);
2109 2566 2141 2597 V.
2169 2568 2219 2601 86,

611 2629 664 2660 ep.
683 2621 790 2658 1964.)

326 2672 363 2700 Ut
383 2681 406 2700 s.
659 2670 795 2703 41304.
817 2692 854 2697 --
870 2672 984 2704 Eidem
1001 2674 1069 2715 reqi
1084 2674 1280 2713 indulgetur
1297 2675 1335 2705 ut
1352 2666 1520 2714 capellani
1542 2675 1574 2705 et
1590 2674 1706 2705 clerici
1722 2674 1871 2713 capellae,
1889 2682 1990 2713 quam
2003 2681 2109 2712 nuper
2122 2673 2221 2712 juxta

294 2717 437 2745 T=XX1V·
612 2727 750 2759 domum
776 2736 873 2758 suam
890 2727 931 2758 de
956 2728 1051 2758 Vado
1073 2727 1239 2759 Maliundi
1257 2737 1362 2767 prope
1386 2727 1592 2759 Cenomanis
1619 2727 1754 2758 fundari
1777 2727 1870 2764 fecit,
1896 2735 2014 2758 omnes
2033 2725 2222 2757 oblationes

613 2789 687 2820 quae
705 2781 739 2811 in
756 2780 831 2820 ipsa
851 2781 1045 2818 offerentur,
1062 2781 1149 2812 facta
1166 2781 1289 2812 rectori
1308 2781 1514 2821 parochialis
1529 2781 1625 2817 eccl.‚
1644 2781 1679 2811 in
1698 2780 1795 2819 quus
1810 2779 1971 2819 parochia
1987 2779 2076 2810 dicta
2092 2778 2221 2818 capella

615 2834 784 2873 consistit,
802 2834 843 2865 ad
861 2834 1039 2866 arbitrium
1059 2834 1254 2871 dioecesani,
1271 2834 1468 2874 congruenti
1488 2833 1815 2873 recompensatione,
1832 2833 1961 2872 integre
1976 2832 2149 2871 percipere
2166 2840 2220 2862 va-

615 2886 719 2918 leant.
737 2886 788 2925 (A.
813 2888 863 2924 30,
881 2887 904 2918 f.
924 2888 983 2918 427
999 2887 1028 2923 ¹³;
1051 2887 1086 2918 V.
1107 2888 1157 2923 86,
1175 2896 1226 2927 ep.
1245 2889 1334 2919 1965.
1340 2889 1350 2926 )

326 2935 362 2963 Ut
384 2943 408 2963 s·
663 2936 802 2969 41305.
820 2957 860 2962 -
873 2939 985 2970 Eidem
1000 2941 1067 2980 reqi
1082 2941 1276 2980 indulgetur
1290 2942 1326 2971 ut
1338 2941 1563 2980 eleemosynae
1575 2939 1616 2970 ab
1631 2947 1670 2970 eo
1688 2939 1741 2970 vel
1755 2938 1796 2969 de
1812 2938 1885 2978 ejus
1901 2938 2061 2969 mandato
2076 2937 2171 2969 factae
2190 2939 2223 2969 et

299 2980 330 3008 Τ
351 2980 445 3008 ΧΧἯ·
619 2992 782 3024 faciendae
805 2993 925 3024 cedant
939 2993 1013 3025 loco
1029 2994 1287 3025 restitutionum
1311 3002 1370 3033 per
1395 3002 1472 3024 eum
1488 2993 1597 3024 facien
1603 2993 1733 3030 iarum,
1751 2991 1871 3023 talium
1892 2993 2007 3023 tamen
2032 2991 2072 3023 de
2097 2991 2224 3031 quibus

620 3045 771 3077 nescitur
784 3045 910 3086 quibus
926 3047 995 3077 sint
1006 3046 1239 3078 restitutiones
1253 3046 1450 3086 hujusmodi
1462 3046 1634 3077 faciendae.
1650 3045 1701 3084 (A.
1716 3046 1767 3081 30,
1780 3045 1802 3076 f.
1818 3046 1878 3076 427
1890 3045 1918 3081 b,
1936 3044 1970 3077 V.
1986 3046 2037 3083 86,
2051 3054 2104 3085 ep.
2117 3045 2223 3084 1966.)
