2560 3476
228 367 333 394 Datum
356 361 542 395 ‘Aveniona

209 469 228 497 6
243 469 311 506 (vm
325 469 377 503 id.)
387 469 457 503 jun.
473 470 486 496 Ι
491 469 551 497 328

335 515 365 542 T.
382 514 440 543 XX.

343 1270 380 1298 Ut
395 1279 420 1297 s.

274 1315 304 1343 T.
324 1314 444 1350 XLVIII,
460 1315 491 1342 L.

346 1484 382 1512 Ut
402 1493 426 1512 s.

310 1529 341 1556 Τ.
361 1529 456 1557 XXVI.

338 1645 376 1674 Ut
401 1654 427 1675 ε.

324 1691 354 1718 Τ.
375 1691 457 1718 ΧΧΧ.

346 1806 380 1834 Ut
395 1789 423 1834 43.

323 1850 353 1878 Τ.
374 1851 445 1878 XVI.

345 2019 381 2047 Ut
399 2028 423 2048 s.

323 2065 354 2092 T.
375 2065 445 2092 XVI.

344 2181 382 2210 Ut
396 2189 420 2209 s.

310 2226 342 2254 T.
362 2226 457 2256 XXIV.

346 2395 383 2424 Ut
399 2403 424 2424 s.

312 2440 343 2468 T.
364 2441 459 2470 XXIV.

349 2609 386 2638 Ut
403 2618 428 2639 s.

334 2654 365 2682 Τ.
382 2655 440 2683 XX.

350 2866 387 2904 Ut
402 2885 426 2905 s.

324 2919 354 2948 T.
369 2920 451 2950 XXX.

596 273 772 305 JOANNIS
794 273 914 304 PAPAE
934 273 1036 304 XXII.
1060 274 1311 314 (1316-1334).
1334 290 1374 296 —-
1394 273 1582 305 LITTERAE
1604 274 1830 306 COMMUNES

2173 279 2236 310 285

674 466 814 498 41472.
833 486 872 491 -—
901 468 1047 500 Gasberto
1072 468 1230 509 archiep.o
1255 467 1442 505 Arelatensi,
1470 468 1651 504 camerario,
1678 478 1713 499 ac
1738 468 1916 508 Ademario,
1937 479 2008 511 ep.o
2032 470 2234 508 Massiliensi,

629 522 822 553 thesaurario
835 522 943 562 Papae.
960 522 1130 561 Exposuit
1145 522 1374 559 Raimundus,
1389 522 1422 553 S.
1441 522 1485 552 M.
1500 522 1607 554 Novae
1618 522 1703 553 diac.
1724 523 1827 558 card„
1850 524 1940 563 quod
1958 524 2089 555 fructus
2105 533 2236 565 praepo-

630 577 744 607 siturae
761 576 840 607 eccl.
861 575 1118 613 Cavallicensis,
1136 575 1307 615 quondam
1321 575 1515 607 Raimundo
1537 575 1739 613 Falconerii,
1757 577 1939 616 praeposito
1962 577 2115 618 ejusdem
2138 579 2235 616 eccl.,

630 638 702 669 cap.
726 631 758 661 et
777 629 882 660 famil.
896 638 970 666 suo,
990 630 1070 660 tunc
1085 629 1228 665 vivente,
1246 629 1334 668 apud
1349 629 1582 661 Raimundum
1595 629 1636 659 de
1651 629 1797 670 Laneys,
1815 629 1939 661 archid.
1957 630 2176 670 Cavallicen.‚
2194 633 2237 664 de

630 683 744 714 mand.
762 683 864 722 Papae
888 682 1093 722 sequestrati
1118 682 1266 719 fuerunt,
1282 682 1439 722 quodque
1467 682 1576 713 dictus
1602 683 1818 714 Raimundus
1836 683 1898 715 fuit
1916 693 2023 724 usque
2046 685 2087 716 ad
2106 687 2235 717 certam

630 745 799 767 summam
817 736 942 767 debitis
959 735 1141 776 obligatus,
1163 737 1196 766 et
1215 735 1410 767 Bernardus
1430 735 1606 775 Vaquerii,
1623 736 1748 767 archid.
1769 736 1952 777 Gamagen.
1975 737 2011 768 in
2029 738 2108 769 eccl.
2127 739 2235 770 Vasa-

629 790 730 825 tensi,
748 789 858 829 ipsius
873 789 961 821 card.
979 798 1050 828 cap.
1071 790 1104 820 et
1128 789 1249 826 famil„
1266 790 1343 828 post
1363 788 1493 819 obitum
1510 788 1643 827 praefati
1664 789 1851 821 Raimundi
1867 790 2059 822 Falconerii
2085 791 2236 832 aliquam

630 843 733 874 solvit
753 851 921 874 summam
948 842 1098 882 pecuniae
1123 850 1184 882 pro
1201 842 1319 873 eodem
1337 843 1370 873 et
1385 850 1446 881 pro
1472 842 1547 881 ipso
1566 843 1618 872 est
1642 843 1731 881 apud
1749 843 1884 883 aliquos
1900 846 2106 875 mercatores
2121 854 2235 876 roma-

629 906 708 932 nam
724 897 905 936 sequentes
919 896 1050 926 curiam
1064 895 1099 926 in
1115 895 1218 926 certis
1236 895 1315 926 aliis
1331 895 1477 925 summis
1491 895 1699 934 pecuniariis
1714 895 1897 936 obligatus,
1914 899 1946 928 et
1960 898 2050 937 quod
2066 899 2166 929 unica
2186 907 2237 930 so-

629 959 686 981 ror
700 949 782 980 dicti
799 949 984 981 Raimundi
1007 948 1199 980 Falconerii
1218 957 1256 979 ac
1284 948 1393 987 ipsius
1418 948 1547 979 sororis
1567 948 1667 979 liberi
1684 957 1750 979 non
1775 951 1890 980 carent
1905 950 1996 981 tedio
2011 952 2234 991 paupertatis.

629 1004 739 1040 Quare
758 1003 862 1042 Papa,
881 1002 923 1032 ad
938 1002 1224 1041 supplicationem
1248 988 1331 1032 dicti
1346 1002 1450 1038 card„
1468 1001 1655 1032 camerario
1673 1004 1705 1033 et
1726 1002 1876 1034 thesaur.
1897 1003 1970 1034 suis
1984 1005 2124 1036 mandat
2138 1006 2176 1036 ut
2195 1005 2237 1036 ab

629 1057 746 1088 eodem
763 1055 956 1087 Raimundo
975 1055 1015 1086 de
1033 1056 1167 1094 Laneys
1184 1055 1243 1086 200
1258 1055 1330 1086 fior.
1349 1054 1421 1085 auri
1443 1054 1570 1094 quittos
1587 1056 1619 1086 et
1635 1054 1762 1086 liberos
1781 1057 1942 1095 praedicto
1959 1058 2131 1089 Bernardo
2150 1058 2238 1099 solvi

629 1110 754 1141 faciant
767 1119 809 1141 ex
829 1108 997 1153 fructibus
1011 1108 1210 1148 praelibatis,
1228 1110 1363 1148 recepta
1381 1108 1542 1147 primitus
1561 1108 1604 1139 ab
1620 1109 1739 1140 eodem
1756 1110 1927 1141 Bernardo
1944 1111 2066 1142 idonea
2082 1112 2238 1143 cautione

628 1163 719 1203 quod
732 1163 772 1194 de
788 1163 874 1202 ipsis
889 1161 1077 1195 satisfaciet
1093 1161 1319 1192 creditoribus
1338 1161 1523 1193 Raimundi
1543 1162 1734 1193 Falconerii
1751 1163 1908 1203 quodque
1923 1163 2011 1195 illud
2027 1164 2117 1204 quod
2138 1173 2237 1204 supe-

629 1216 712 1248 rerit
727 1216 837 1247 sorori
852 1217 885 1247 et
902 1215 976 1255 ejus
991 1215 1110 1246 liberis
1133 1214 1331 1246 memoratis
1349 1214 1550 1254 assignabit.
1568 1215 1619 1254 (A.
1637 1217 1689 1253 30,
1712 1215 1734 1247 f.
1753 1217 1814 1246 424
1831 1222 1860 1254 a;
1888 1216 1922 1247 V.
1940 1217 1990 1255 86,
2008 1226 2061 1257 ep.
2079 1219 2185 1257 1942.)

673 1267 810 1298 41473.
830 1287 870 1292 -
889 1269 1019 1300 Joannae
1037 1268 1072 1300 H.
1092 1269 1129 1300 F.
1146 1268 1340 1308 indulgetur
1351 1269 1387 1299 ut
1402 1269 1519 1300 decem
1535 1269 1651 1300 clerici
1664 1269 1730 1306 sui,
1750 1269 1939 1301 familiares
1956 1270 2147 1309 domestici,
2165 1271 2238 1302 suis

629 1322 804 1363 obsequiis
824 1322 1032 1358 insistentes,
1063 1322 1194 1353 fructus
1218 1321 1329 1353 benef.
1350 1330 1491 1353 suorum
1514 1322 1645 1362 integre
1667 1323 1839 1362 percipere
1864 1324 2008 1362 possint,
2029 1324 2107 1355 licet
2130 1325 2165 1356 in
2187 1325 2238 1356 eis

629 1386 694 1408 non
711 1377 893 1409 resideant.
914 1395 948 1399 —
970 1377 996 1408 Ι.
1014 1385 1044 1408 e.
1064 1385 1108 1408 m.
1131 1385 1206 1416 ep.o
1229 1376 1411 1413 Parisien.‚
1441 1378 1474 1408 et
1491 1386 1518 1407 s.
1537 1376 1697 1408 Germani
1715 1377 1755 1408 de
1778 1377 1999 1418 PratiSJuxta
2015 1378 2185 1416 Parisins,
2201 1388 2239 1411 ac

630 1440 658 1462 s.
678 1430 860 1463 Genovefae
875 1430 1045 1462 Parisien.
1062 1431 1208 1461 monast.
1224 1429 1418 1461 abbatibus
1435 1430 1488 1471 (A.
1506 1431 1556 1467 30,
1574 1430 1597 1460 f.
1615 1431 1675 1461 527
1691 1435 1719 1467 ⁸3
1745 1430 1777 1461 V.
1793 1432 1845 1468 86,
1862 1439 1915 1471 ep.
1935 1433 2040 1471 1983.)

674 1481 811 1515 41474.
829 1502 868 1507 -
880 1484 1010 1515 Joannae
1029 1484 1065 1515 R.
1085 1483 1121 1515 F.
1138 1484 1310 1515 indultum
1325 1483 1472 1515 habendi
1488 1483 1593 1515 altare
1611 1484 1770 1524 portatile
1788 1484 1824 1515 in
1843 1493 1909 1525 quo
1926 1486 2037 1525 possit
2052 1486 2238 1518 missarum

630 1538 808 1574 solemnia,
827 1538 930 1569 etiam
952 1538 1132 1577 antequam
1161 1537 1233 1569 dies
1255 1537 1445 1576 illucescat,
1466 1537 1574 1568 facere
1592 1537 1769 1569 celebrari.
1797 1537 1849 1578 (A.
1873 1540 1925 1576 30,
1944 1538 1968 1569 f.
1988 1540 2048 1570 516
2063 1539 2093 1577 ¹³3
2128 1539 2159 1570 V.
2184 1540 2235 1578 86,

630 1602 682 1633 ep.
698 1591 803 1632 1985.)

674 1642 811 1675 41475.
831 1663 869 1668 -—
887 1644 999 1675 Eidem
1013 1645 1127 1685 reqinae
1143 1644 1337 1676 conceditur
1352 1645 1401 1680 ut,
1419 1644 1752 1684 quotiescumquein
1772 1653 1834 1676 sua
1850 1646 2032 1685 praesentia
2053 1646 2238 1677 missarum

631 1698 798 1730 solemnia
811 1697 975 1729 celebrari
993 1699 1025 1729 et
1041 1698 1076 1729 in
1093 1698 1144 1729 eis
1160 1698 1302 1738 proponi
1317 1697 1494 1737 contigerit
1510 1697 1652 1728 verbum
1669 1698 1745 1735 Dei,
1766 1698 1965 1737 praedicator
1982 1699 2142 1730 omnibus
2158 1709 2239 1739 prae-

631 1752 786 1784 sentibus
804 1751 1049 1791 indulgentiam
1064 1761 1073 1780 x
1089 1751 1168 1782 anni
1188 1751 1324 1790 elargiri
1339 1751 1461 1781 valeat.
1478 1750 1532 1790 (A.
1549 1752 1601 1787 30,
1618 1751 1643 1782 f.
1661 1752 1721 1782 517
1737 1756 1767 1787 ¹¹;
1794 1751 1830 1782 V.
1846 1753 1897 1788 86,
1915 1760 1968 1791 ep.
1986 1753 2092 1791 1986.)

676 1802 813 1835 41476.
830 1823 867 1828 -—
885 1805 995 1835 Eidem
1013 1805 1126 1846 reqinae
1142 1804 1338 1844 indulgetur
1353 1805 1390 1834 ut
1405 1804 1581 1835 confessor
1597 1813 1682 1835 suus
1704 1804 1846 1844 ejusque
1861 1805 1987 1842 socius,
2005 1814 2043 1836 ac
2058 1806 2172 1837 coeteri
2189 1815 2240 1837 ca-

630 1859 758 1900 pellani
769 1860 802 1890 et
813 1858 929 1890 clerici
945 1858 1011 1895 sui,
1031 1858 1218 1889 familiares
1245 1857 1437 1894 domestici,
1457 1858 1531 1888 suis
1547 1857 1722 1897 obsequiis
1743 1857 1954 1896 insistentes,
1979 1859 2021 1890 ad
2039 1859 2134 1890 aliud
2150 1860 2238 1890 divi-

630 1922 711 1948 num
735 1912 887 1944 officium
904 1911 1143 1943 celebrandum
1162 1911 1304 1942 minime
1330 1912 1507 1942 teneantur
1521 1919 1622 1950 quam
1639 1911 1682 1942 ad
1700 1910 1787 1942 illud
1804 1911 1895 1951 quod
1918 1912 1953 1942 in
1978 1912 2109 1951 capella
2127 1912 2239 1952 ipsius

630 1967 756 2006 reginae
771 1965 934 1997 celebrari
951 1965 1138 1996 consuevit.
1156 1965 1209 2005 (A.
1228 1966 1279 2001 30,
1296 1964 1318 1995 f.
1335 1966 1395 1996 517
1406 1969 1434 2002 ²;
1458 1964 1496 1996 V.
1509 1966 1560 2004 86,
1578 1973 1631 2004 ep.
1651 1964 1756 2004 1987.)

675 2017 812 2049 41477.
831 2036 871 2042 -
885 2019 997 2050 Eidem
1015 2019 1129 2059 reyinae
1144 2018 1315 2050 indultum
1330 2017 1478 2049 habendi
1496 2017 1602 2049 altare
1622 2018 1782 2058 portatile
1799 2018 1835 2049 in
1852 2027 1918 2058 quo
1936 2019 2057 2059 possit,
2074 2020 2188 2060 seipsa
2206 2021 2241 2052 et

630 2073 762 2106 familia
777 2081 839 2104 sua
851 2072 1088 2113 praesentibus,
1099 2072 1242 2103 missam
1256 2072 1288 2103 et
1304 2071 1371 2102 alia
1387 2071 1503 2102 divina
1518 2071 1631 2102 officia
1644 2071 1755 2103 facere
1769 2071 1944 2103 celebrari.
1961 2072 2014 2112 (A.
2030 2074 2080 2112 30,
2096 2073 2118 2104 f.
2134 2075 2194 2104 517
2209 2078 2238 2111 ⁸3

637 2128 674 2160 V.
690 2129 741 2165 86,
761 2136 813 2167 ep.
833 2126 938 2166 1988.)

677 2178 814 2210 41478.
831 2197 870 2203 ——
884 2180 998 2211 Eidem
1013 2179 1127 2221 reqinae
1145 2179 1316 2210 indultum
1338 2179 1373 2210 ut
1389 2178 1563 2210 confessor
1585 2187 1669 2210 suus
1685 2187 1723 2210 ac
1739 2179 1853 2210 socius
1870 2179 2024 2219 ejusdem
2044 2180 2179 2220 possint
2194 2180 2242 2212 fa-

630 2235 819 2267 miliarium
848 2242 1001 2271 suorum,
1022 2233 1096 2265 suis
1121 2233 1297 2273 obsequiis
1326 2232 1574 2268 insistentium,
1597 2232 1831 2264 confessiones
1851 2233 1981 2270 audire,
2004 2233 2157 2273 ipsisque
2180 2242 2240 2273 pro

631 2289 779 2329 peccatis
791 2296 920 2323 eorum,
937 2287 1120 2319 dummodo
1135 2287 1169 2319 S.
1189 2288 1230 2319 A.
1250 2295 1317 2318 non
1333 2286 1377 2318 sit
1395 2286 1518 2317 merito
1536 2286 1756 2323 consulenda,
1773 2286 2007 2326 poenitentiam
2026 2287 2195 2327 impertiri
2209 2289 2242 2319 et

632 2342 862 2375 ecclesiastica
879 2341 1091 2373 sacramenta
1106 2340 1312 2372 ministrare.
1331 2340 1384 2379 (A.
1398 2341 1449 2377 30,
1470 2339 1494 2371 f.
1510 2341 1571 2370 517
1589 2344 1603 2361 ²
1612 2348 1622 2376 3
1646 2339 1682 2371 V.
1701 2341 1753 2378 86,
1770 2349 1823 2380 ep.
1841 2340 1946 2380 1989.)

679 2392 817 2426 41479.
840 2412 879 2418 -
895 2394 1007 2426 Eidem
1026 2394 1140 2436 reyinae
1159 2393 1332 2425 indultum
1350 2393 1498 2434 eligendi
1521 2392 1752 2424 confessorem
1774 2393 1845 2434 qui,
1864 2402 1926 2425 sua
1952 2393 2167 2426 confessione
2186 2402 2241 2425 au-

631 2450 715 2488 dita,
730 2449 771 2481 ab
787 2448 946 2481 omnibus
960 2448 1108 2488 peccatis
1125 2447 1199 2479 suis
1218 2448 1251 2479 et
1269 2447 1437 2479 sententia
1456 2455 1600 2484 excom,
1614 2446 1711 2486 juxta
1733 2439 1879 2478 formam
1903 2447 2056 2479 ecclesiae
2071 2456 2090 2479 a
2114 2456 2242 2479 canone

631 2503 857 2545 promulgata,
875 2502 905 2534 si
921 2510 1023 2542 quam
1039 2501 1214 2533 incurrere
1230 2501 1318 2532 forte
1342 2500 1525 2541 contingat,
1545 2501 1681 2540 quoties
1696 2500 1898 2540 expedierit,
1915 2501 2027 2541 possit
2041 2509 2115 2532 eam
2133 2500 2241 2532 absol-

631 2566 721 2589 vere.
740 2557 793 2598 (A.
812 2557 865 2594 30,
881 2556 903 2588 f.
919 2557 978 2587 517
991 2561 1020 2593 ⁸3
1041 2555 1077 2587 V.
1091 2556 1143 2593 86,
1158 2564 1210 2595 ep.
1231 2555 1336 2593 1990.)

680 2607 818 2641 41480.
839 2627 878 2633 -
892 2609 1006 2640 Eidem
1022 2609 1139 2650 reginae
1161 2608 1358 2648 indulgetur
1379 2608 1417 2639 ut
1435 2607 1472 2639 in
1496 2607 1580 2639 locis
1596 2607 1830 2639 ecclesiastico
1855 2607 2032 2639 interdicto
2055 2606 2242 2647 suppositis

631 2665 732 2696 liceat
748 2664 817 2704 ipsi
838 2663 966 2695 clausis
977 2663 1106 2703 januis,
1123 2662 1316 2694 interdictis
1338 2663 1370 2693 et
1396 2661 1699 2693 excommunicatis
1716 2661 1879 2696 exclusis,
1900 2670 1966 2692 non
1982 2661 2129 2700 pulsatis
2154 2668 2242 2691 cam-

631 2718 743 2758 panis,
763 2717 880 2749 audire
904 2717 1021 2748 divina
1041 2716 1178 2748 etiamsi
1204 2715 1274 2747 alta
1290 2723 1371 2747 voce
1391 2714 1614 2750 celebrentur,
1633 2714 1675 2746 ad
1697 2714 1804 2746 instar
1829 2713 1962 2745 Nicolai
1986 2713 2088 2753 Papae
2111 2713 2161 2744 III
2183 2713 2242 2753 qui

632 2771 674 2803 cl.
692 2780 738 2803 m.
755 2770 917 2810 Philippo
934 2770 977 2802 R.
995 2770 1034 2801 F.
1053 2771 1086 2801 et
1103 2769 1231 2806 Mariae,
1248 2769 1322 2809 ejus
1339 2768 1452 2806 uxori,
1467 2768 1507 2799 R.
1534 2769 1588 2805 F„
1613 2767 1763 2798 similem
1788 2767 2036 2807 indulgentiam
2061 2766 2242 2798 concessit.

635 2824 687 2865 (A.
703 2826 754 2862 30,
771 2824 794 2856 f.
814 2825 875 2856 517
890 2828 922 2861 *ς
942 2823 979 2855 V.
995 2825 1048 2861 86,
1064 2831 1118 2863 ep.
1139 2823 1244 2861 1991.)

612 2879 615 2884 ’
681 2874 820 2908 41481.
839 2894 879 2900 -
894 2876 1010 2908 Eidem
1034 2876 1148 2917 reqinae
1172 2875 1368 2916 indulgetur
1389 2876 1427 2906 ut
1449 2873 1566 2906 nullus
1587 2873 1735 2913 capellas
1763 2881 1844 2904 suas
1868 2871 2100 2904 ecclesiastico
2120 2880 2245 2912 suppo-

636 2938 717 2962 nere
733 2930 844 2962 valeat
855 2930 1038 2962 interdicto
1051 2929 1179 2969 absque
1193 2929 1233 2960 A.
1247 2928 1282 2960 S.
1296 2927 1438 2968 speciali
1451 2927 1623 2964 mandato,
1636 2925 1727 2966 quod
1739 2925 1768 2957 si
1783 2934 1882 2957 secus
1896 2925 1983 2957 forte
1999 2926 2246 2965 praesumptum

608 2984 610 2989 ’
641 2983 755 3021 fuerit,
769 2983 870 3015 liceat
890 2983 959 3023 ipsi
976 2983 1011 3014 in
1028 2981 1158 3014 eisdem
1173 2981 1328 3022 capellis,
1352 2989 1419 3012 non
1439 2980 1585 3020 pulsatis
1606 2978 1792 3019 campanis,
1814 2978 1988 3010 submissa
2006 2986 2099 3017 voce,
2128 2978 2246 3010 audire
