2560 3476
302 313 362 343 348

391 1180 422 1207 Τ.
442 1180 488 1213 ΧΙ,
509 1180 581 1208 XIII.

368 1303 404 1332 31
427 1303 484 1337 jul.
510 1304 598 1332 4328.

381 1348 414 1382 (ιι
430 1348 489 1376 kal.
507 1349 586 1384 aug.)

379 1393 398 1419 T
431 1393 504 1425 XIII,
526 1393 584 1420 XII.

444 1731 481 1759 Ut
495 1740 517 1758 s.

417 1776 447 1803 T.
468 1776 550 1804 XXX.

440 2104 475 2131 Ut
495 2112 519 2133 s,

413 2149 443 2176 Τ.
466 2149 548 2177 XXX.

443 2212 478 2239 Ut
499 2221 524 2240 s.

415 2256 445 2283 T.
463 2256 545 2283 XXX.

320 2907 332 2933 Ι
352 2907 436 2942 (kal.)
455 2916 522 2943 auq.
544 2908 633 2938 4328.

401 2952 432 2980 Τ.
455 2953 550 2981 XXIV.

331 402 436 430 Datum
459 395 645 430 Avenione.

374 1090 414 1118 29
429 1089 487 1124 jul.
507 1089 596 1118 4328.

374 1134 420 1171 (xv
437 1134 497 1163 kal.
513 1136 592 1170 aug.)

709 306 884 338 JOANNIS
907 305 1027 337 PAPAE
1048 305 1152 336 XXII.
1176 307 1427 345 (1316-1384).
1448 323 1488 329 —
1510 305 1698 337 LlTTERAE
1719 305 1946 338 COMMUNES

734 500 838 540 pien.,
860 500 1056 531 Cluniacen.
1078 499 1164 535 ord..
1181 499 1392 532 monasterio
1409 499 1620 538 cluniacen„
1639 500 1864 534 Matisconen.
1887 501 1949 540 di.,
1968 502 2163 535 immediate
2187 503 2344 544 subjecti,

734 553 909 585 conferant
923 553 1111 593 prioratum
1138 553 1179 584 de
1196 553 1353 591 Pontida‚
1373 553 1456 585 dicti
1473 553 1558 591 ord„
1574 554 1774 595 Pergamon.
1795 555 1856 592 di.,
1873 563 1934 595 per
1948 556 2132 588 monachos
2146 556 2258 598 ipsius
2273 566 2343 590 mo·

733 608 821 638 nast.
839 607 979 638 solitum
1009 605 1087 647 gub.
1104 607 1138 638 et
1159 615 1219 646 per
1236 607 1367 638 obItum
1391 606 1504 638 ultimi
1526 607 1652 647 prioris
1678 609 1769 648 apud
1785 609 1821 641 S.
1840 609 1896 647 Α.,
1912 605 2039 650 praevia
2062 610 2216 651 generali
2238 619 2346 643 reser-

733 660 868 691 vatione
893 660 1047 691 omnium
1073 660 1155 691 eccl.
1181 659 1437 700 collegiatarum
1459 661 1530 692 tam
1561 661 1778 693 saecularium
1802 671 1904 703 quam
1933 663 2143 703 regularium
2159 663 2343 704 provinciae

733 713 975 749 Mediolanen.‚
1000 722 1061 753 per
1087 712 1153 745 PP.
1179 713 1280 750 facta,
1306 715 1495 745 vacantem.
1524 714 1712 746 Cassantur
1733 715 1857 747 litterae
1881 716 2080 754 Bertrando,
2098 724 2175 757 ep.o
2197 717 2342 756 Ostien.,

734 766 816 798 olim
835 775 863 797 s.
881 767 1035 798 Marcelli
1048 766 1162 806 presb.
1179 767 1284 805 card„
1305 769 1385 798 tunc
1399 768 1432 799 et
1450 776 1538 799 nunc
1554 767 1589 799 in
1606 767 1761 808 partibus
1777 768 1850 800 illis
1866 768 1908 801 A.
1927 769 1962 801 S.
1978 769 2101 810 legato,
2119 778 2223 811 super
2237 770 2342 803 colla-

731 820 823 852 tione
848 820 937 852 dicto
954 820 1139 852 Octaviano
1157 819 1311 852 facienda
1327 820 1368 852 de
1390 820 1510 852 eodem
1534 821 1687 861 prioratu
1709 814 1751 853 de‘
1768 821 1930 861 Pontffla,
1951 823 2011 863 qui
2034 822 2212 856 dicebatur
2233 823 2344 856 eidem

732 874 900 913 prioratui
917 883 945 905 s.
958 874 1076 914 Majoli
1091 873 1281 914 subjectum
1300 882 1390 912 esse,
1407 883 1484 905 cum
1499 883 1566 906 non
1583 876 1686 913 esset,
1703 877 1803 915 prout
1821 884 1884 908 nec
1898 876 2027 914 existit,
2041 877 2187 916 directae,
2204 885 2247 909 ex
2268 877 2344 918 qui-

733 927 798 958 hus
813 927 945 959 nullum
961 927 1177 959 commodum
1191 927 1379 967 reportavit
1396 936 1435 959 eo
1450 928 1541 968 quod
1554 928 1589 959 in
1606 928 1657 960 eis
1673 929 1829 968 quaedam
1843 930 1970 961 omissa
1984 929 2134 967 fuerunt,
2149 930 2343 971 praesertim

733 981 821 1020 quod
845 981 935 1012 idem
959 981 1163 1012 Octavianus
1181 981 1431 1020 professionem
1456 981 1493 1012 in
1511 981 1670 1013 manibus
1689 981 1823 1014 abbatis
1847 983 2036 1023 supradicti
2055 983 2257 1016 monasterii
2274 991 2343 1016 non

731 1034 861 1071 fecerit,
877 1043 980 1074 quam
996 1034 1087 1066 infra
1102 1042 1230 1066 annum
1246 1034 1357 1066 facere
1373 1035 1516 1066 tenetur.
1534 1035 1587 1075 (A.
1602 1037 1654 1073 31,
1673 1036 1697 1067 f.
1711 1037 1772 1067 343
1787 1041 1816 1074 *ς
1837 1036 1876 1068 V.
1897 1037 1948 1074 88,
1966 1045 2017 1077 ep.
2034 1037 2143 1078 3308.)

778 1085 915 1118 42038.
935 1106 973 1110 -
988 1088 1115 1126 Joanni,
1141 1093 1215 1119 nato
1231 1088 1364 1119 Joanm's
1386 1087 1462 1118 dicti
1485 1087 1628 1129 Waqner‚
1647 1088 1684 1120 de
1701 1089 1889 1130 Arqcntina,
1905 1099 2001 1130 prov.
2025 1099 2143 1122 canon.
2162 1091 2226 1123 sub
2243 1099 2342 1132 exsp.

730 1141 835 1181 praeb.
851 1141 932 1173 ech.
950 1150 977 1173 s.
993 1142 1086 1173 Petri
1101 1142 1325 1182 Argentinen.
1345 1160 1383 1165 -
1397 1142 1422 1173 I.
1446 1150 1475 1173 e.
1489 1151 1534 1174 m.
1551 1142 1700 1174 thesaur.
1718 1143 1953 1183 Argentinen„
1971 1145 2005 1176 et
2018 1144 2149 1176 cantori
2161 1144 2340 1184 Werden.,

730 1195 962 1227 Constantien.
986 1196 1048 1232 di.,
1065 1205 1102 1227 ac
1126 1204 1214 1235 mag.
1234 1195 1376 1227 NIcolao
1393 1196 1433 1227 de
1458 1196 1602 1233 Fractis‚
1623 1205 1696 1228 can.
1715 1197 1869 1228 Gaietan.
1886 1197 1980 1234 eccl.,
1996 1197 2063 1229 litt.
2086 1199 2196 1238 apost.
2215 1206 2343 1230 correc-

729 1249 806 1280 tori.
824 1248 876 1288 (A.
895 1250 946 1286 31,
965 1249 987 1280 f.
1002 1250 1062 1281 349
1080 1254 1109 1286 εί;
1132 1249 1168 1280 V.
1183 1250 1234 1285 88,
1251 1258 1302 1289 ep.
1321 1250 1427 1288 3323.)

775 1300 913 1332 42039.
931 1321 969 1326 —
988 1303 1108 1334 Joanni
1127 1302 1164 1333 de
1179 1302 1305 1340 Alneto,
1321 1302 1402 1333 alias
1418 1302 1455 1333 de
1472 1302 1591 1344 Byone,
1609 1303 1719 1334 clerico
1735 1308 1765 1334 et
1781 1304 1982 1344 procuratori
1996 1301 2130 1336 ‚Ioannis
2146 1304 2226 1346 regis
2242 1303 2345 1337 Boleo-

730 1356 808 1394 miae,
826 1356 935 1396 gratia
949 1365 1044 1396 exsp.
1059 1356 1172 1388 benef.
1187 1365 1215 1387 s.
1230 1365 1272 1392 c.‚
1289 1356 1422 1388 etiamsi
1440 1356 1546 1396 dign,
1561 1357 1616 1388 veI
1630 1359 1834 1397 personatus
1849 1359 1882 1389 et
1896 1358 1932 1389 in
1948 1355 2095 1390 ecclesia
2111 1358 2231 1399 colleg.
2250 1359 2345 1391 exis-

729 1411 779 1441 tat
801 1410 891 1450 (601.
912 1410 964 1450 t.)‚
984 1410 1025 1441 ad
1048 1410 1162 1441 collat.
1179 1410 1249 1450 ep.i
1274 1409 1537 1446 Ambianensis3
1561 1419 1638 1442 cum
1661 1410 1867 1451 obligatione
1893 1411 2089 1443 dimittendi
2114 1412 2346 1453 parochialem

729 1463 810 1495 eccl.
825 1464 863 1495 B.
883 1463 926 1495 M.
945 1463 986 1495 de
1005 1463 1278 1500 Guillebervilla,
1303 1463 1459 1503 Bajocen.
1481 1463 1540 1501 di.,
1556 1465 1589 1495 et
1613 1465 1804 1496 cassatione
1828 1465 1945 1505 gratiae
1959 1474 2056 1505 exsp.
2071 1465 2183 1498 benef.
2201 1465 2343 1503 similis,

731 1517 805 1556 (sed
823 1517 899 1549 401.
916 1517 967 1557 t.),
986 1526 1029 1548 ex
1049 1526 1116 1557 qua
1132 1517 1266 1548 nullum
1291 1517 1408 1549 retulit
1426 1517 1654 1555 commodum,
1671 1526 1748 1549 cum
1765 1518 1866 1558 plura
1889 1527 1931 1550 ex
1947 1518 2125 1551 beneficiis
2145 1519 2344 1560 hujusmodi

730 1571 772 1602 ad
791 1571 954 1611 maj0rem
971 1579 1152 1608 summam,
1168 1571 1238 1602 fere
1257 1571 1292 1602 in
1309 1570 1511 1610 dup10‚·sint
1527 1572 1655 1603 taxata.
1671 1589 1711 1594 —
1728 1572 1755 1604 Ι.
1774 1581 1803 1603 e.
1816 1581 1861 1603 m.
1880 1572 2006 1604 archid.
2024 1571 2184 1611 Melden.‚
2203 1574 2237 1605 et
2252 1581 2341 1614 mag.

728 1624 915 1656 Guillelmo
932 1624 1124 1661 Bertrandi,
1143 1624 1325 1662 Parisien.‚
1339 1633 1377 1656 ac
1390 1624 1542 1656 Auberto
1556 1625 1596 1656 de
1612 1625 1799 1663 Placentia,
1809 1625 2013 1657 Ambianen.
2030 1626 2111 1662 eccl,
2129 1635 2202 1658 can.
2223 1626 2276 1665 (Α.
2290 1628 2342 1663 31,

730 1677 753 1708 f.
774 1679 811 1708 17
828 1683 858 1714 ³3
882 1677 917 1708 V.
927 1679 978 1715 86,
995 1687 1047 1717 ep.
1068 1677 1174 1717 1569.)

774 1727 914 1761 42040.
931 1748 969 1753 —
983 1730 1111 1768 Joanni,
1128 1730 1223 1761 electo
1238 1731 1427 1770 Linqonen..
1444 1730 1695 1762 administratori
1709 1730 1843 1762 ecclesiae
1864 1731 2012 1763 Basilien.
2030 1732 2063 1763 in
2078 1732 2298 1774 spiritualibus
2314 1737 2345 1765 et

731 1784 955 1824 temporalibus
979 1794 1039 1824 per
1052 1783 1086 1815 S.
1107 1784 1147 1814 A.
1166 1783 1326 1825 deputato,
1343 1784 1569 1825 consanyuineo
1590 1784 1723 1815 Joannae
1740 1785 1777 1816 12.
1795 1786 1833 1816 F.
1849 1786 1998 1826 supplic„
2024 1786 2171 1818 facultas
2195 1786 2343 1828 eligendi

729 1837 962 1868 confessorem
987 1838 1057 1877 qui,
1082 1837 1148 1869 ista
1171 1838 1256 1874 vice,
1274 1837 1310 1869 in
1337 1837 1475 1869 casibus
1499 1838 1603 1870 etiam
1621 1838 1654 1870 S.
1674 1837 1714 1870 A.
1735 1840 1932 1876 reservatis,
1957 1848 2036 1871 eum
2063 1839 2242 1872 absolvere
2267 1841 2301 1872 et
2322 1850 2343 1874 a

729 1891 910 1922 sententiis
925 1891 1065 1922 canonis
1077 1891 1132 1922 vel
1146 1891 1324 1923 hominum
1339 1891 1468 1931 pariter
1479 1891 1540 1922 hac
1557 1892 1631 1923 vice
1653 1891 1841 1929 absolvere,
1858 1901 1896 1924 ac
1915 1902 2018 1933 super
2032 1893 2343 1934 irregularitatibus

730 1944 833 1975 etiam
848 1946 986 1984 propter
1002 1953 1160 1985 guerram
1177 1953 1238 1984 per
1253 1945 1368 1984 ipsum
1381 1946 1508 1976 motam
1526 1946 1559 1976 et
1575 1946 1706 1985 gestam
1723 1947 1840 1977 contra
1854 1946 2047 1987 Artungum
2060 1947 2227 1986 Monachi,
2244 1947 2340 1986 cler„

728 1997 878 2037 praefatae
901 1998 1063 2030 Basilien.
1088 1998 1168 2030 eccl.
1194 1998 1418 2035 detentorem,
1445 1999 1640 2035 contractis,
1673 1999 1874 2039 dispensare
1903 2000 2028 2032 valeat.
2060 2000 2112 2039 (A.
2133 2001 2186 2039 31,
2207 2001 2232 2032 f.
2256 2002 2292 2032 11
2306 1991 2342 2039 ’1,

734 2051 770 2083 V.
794 2053 845 2087 87,
862 2061 914 2091 ep.
931 2053 1037 2091 2618.)

776 2102 914 2135 42041.
932 2124 970 2128 —
997 2104 1175 2142 Guillelmo,
1194 2115 1264 2147 epo
1290 2105 1473 2146 Terqestin„
1490 2106 1663 2138 indultum
1684 2107 1905 2139 contrahendi
1920 2107 2077 2139 mutuum
2097 2109 2159 2140 500
2173 2108 2248 2141 flor.
2265 2109 2341 2141 auri

728 2167 789 2198 pro
806 2159 879 2190 suis
897 2160 930 2190 et
944 2159 1024 2191 eccl.
1046 2168 1115 2190 suoe
1131 2159 1279 2199 negotiis
1293 2159 1525 2199 expediendis.
1546 2159 1599 2199 (A.
1615 2161 1667 2198 31,
1685 2160 1707 2192 f.
1728 2162 1765 2192 91
1786 2166 1814 2197 ιι;
1838 2160 1873 2192 V.
1890 2162 1941 2198 87,
1958 2170 2011 2201 ep.
2025 2163 2133 2201 2767.)

774 2209 912 2242 42042.
923 2231 960 2235 —
976 2212 1011 2243 S.
1027 2213 1192 2243 Laurentii
1203 2222 1302 2254 prope
1317 2212 1499 2244 Tridentum
1512 2218 1540 2244 et
1551 2213 1585 2245 S.
1602 2214 1645 2244 M.
1656 2214 1690 2244 in
1704 2213 1838 2255 Orqanis
1858 2214 2008 2246 Veronen.
2024 2214 2186 2246 abbatibus
2199 2219 2337 2258 etpraep.

729 2275 754 2295 s.
772 2266 945 2302 Michaelis,
961 2276 1019 2307 per
1031 2276 1132 2308 praep.
1150 2266 1235 2297 soliti
1250 2266 1336 2307 qub„
1352 2266 1527 2297 Tridentin.
1538 2266 1596 2306 di.,
1613 2272 1744 2300 monast.
1763 2268 1877 2299 mand.
1892 2270 1928 2300 ut
1945 2269 2191 2300 monasterium
2207 2278 2236 2302 8.
2249 2269 2342 2302 Mar-

727 2319 844 2359 garitae
860 2320 900 2351 de
917 2320 1071 2351 Surbano
1090 2320 1296 2356 Tridentin.,
1313 2329 1374 2360 per
1389 2321 1593 2360 priorissam
1611 2321 1753 2353 solitum
1766 2321 1858 2361 gub„
1875 2323 1908 2353 et
1924 2331 2088 2362 personas
2107 2322 2144 2354 in
2160 2331 2200 2354 eo
2215 2323 2338 2364 degen-

726 2374 777 2404 tes
796 2373 837 2404 ab
851 2373 944 2405 omni
960 2373 1199 2413 jurisdictione
1220 2373 1396 2412 ordinarii,
1412 2374 1466 2406 cui
1480 2383 1569 2406 nunc
1584 2375 1783 2415 subjiciunt,
1801 2375 1965 2412 eximant,
1983 2375 2013 2407 si
2028 2376 2068 2408 de
2082 2376 2156 2415 ejus
2172 2376 2341 2408 ordinarii

726 2427 933 2466 processerit
958 2427 1146 2465 voluntate,
1167 2428 1200 2459 et
1224 2427 1336 2459 ordini
1359 2427 1504 2459 fratrum
1520 2428 1787 2460 Praedicatorum
1810 2430 1973 2469 perpetuo
1999 2429 2194 2470 subjiciant,
2219 2430 2335 2462 decer-

725 2481 844 2511 nentes
860 2481 897 2511 ut
918 2480 1078 2512 omnibus
1095 2481 1286 2521 privilegiis
1305 2481 1486 2521 gaudeant,
1503 2482 1592 2513 siout
1613 2482 1760 2522 gaudent
1775 2483 1844 2514 alia
1858 2491 2016 2514 sororum
2037 2483 2246 2515 monasteria
2261 2492 2339 2524 quae

724 2533 865 2573 praefato
884 2534 995 2565 ordini
1009 2535 1089 2565 sunt
1103 2533 1255 2574 subjecta
1266 2543 1276 2570 3
1290 2534 1458 2574 priorissa
1474 2535 1564 2566 enim
1581 2538 1614 2567 et
1629 2537 1817 2567 conventus
1829 2535 1983 2568 habitum
2004 2537 2190 2568 secundum
2205 2544 2336 2568 morem
2371 2579 2373 2582 y

725 2587 895 2618 dictorum
912 2587 1055 2618 fratrum
1073 2596 1259 2628 eorumque
1273 2596 1403 2619 morem
1421 2588 1523 2619 etiam
1539 2589 1575 2620 in
1591 2589 1745 2620 dicendis
1760 2589 1888 2621 divinis
1906 2590 1960 2622 off.
1978 2589 2173 2628 observant,
2192 2589 2333 2622 dictum·

725 2649 791 2680 que
810 2642 967 2678 monast„
988 2649 1063 2672 cum
1081 2649 1259 2672 murorum
1274 2641 1442 2673 ambitum
1456 2650 1523 2673 non
1536 2642 1669 2679 habeat,
1687 2642 1882 2682 frequenter
1901 2643 2083 2674 saeculares
2097 2643 2335 2684 ingrediuntur

724 2702 787 2734 pro
805 2693 904 2725 libito
923 2694 1121 2732 voluntatis,
1143 2696 1283 2735 propter
1306 2694 1395 2735 quod
1412 2695 1606 2727 ordinarius
1628 2697 1661 2727 et
1676 2696 1769 2727 cives
1784 2696 1973 2728 Tridentin.
1991 2698 2150 2728 asserunt
2165 2705 2234 2728 una
2252 2705 2334 2729 voce

727 2747 855 2779 dIctum
870 2749 1014 2779 monast.
1030 2756 1205 2788 nunquam
1227 2748 1298 2780 fore
1321 2748 1506 2780 salubriter
1528 2749 1766 2789 gubernatum,
1785 2749 1855 2780 nisi
1877 2749 2045 2782 dictorum
2068 2750 2213 2782 fratrum
2233 2750 2343 2782 disci-

725 2801 829 2841 plinae
843 2801 1009 2832 subdatur
1014 2810 1024 2838 ;
1044 2802 1235 2841 praesertim
1253 2803 1367 2833 autem
1389 2811 1466 2833 cum
1488 2803 1604 2834 multae
1619 2811 1772 2842 personae
1788 2803 1921 2834 nobiles
1937 2803 2116 2843 praefatum
2133 2805 2280 2835 monast.
2297 2812 2334 2835 se

725 2855 814 2886 velle
830 2855 958 2886 intrare
974 2856 1142 2892 asserant,
1161 2855 1192 2886 si
1208 2855 1271 2886 hoc
1284 2855 1355 2887 fiat.
1372 2855 1423 2895 (A.
1443 2857 1494 2894 31,
1510 2856 1534 2887 f.
1549 2857 1610 2887 228
1626 2855 1655 2894 ὓς
1678 2855 1713 2888 V.
1732 2857 1784 2894 88,
1802 2865 1854 2896 ep.
1867 2856 1976 2896 3039.)

769 2905 911 2938 42043.
931 2925 969 2930 —-
986 2907 1167 2946 Guillermo,
1187 2909 1224 2939 el.
1239 2908 1415 2953 Redouen..
1428 2909 1573 2941 facultas
1589 2909 1835 2942 tabellionatus
1848 2910 1901 2941 off.
1919 2910 2124 2942 concedendi
2139 2911 2159 2941 2
2175 2910 2254 2942 cler.
2268 2918 2338 2942 non

723 2962 915 3002 conjugatis
930 2971 991 2993 nec
1006 2962 1042 2993 in
1057 2962 1164 2994 sacris
1177 2963 1247 2994 ord.
1263 2963 1469 2998 constitutis,
1489 2962 1530 2994 ab
1546 2963 1622 3003 ipso
1638 2963 1819 3003 eligendis,
1837 2972 1914 2995 cum
1929 2964 2038 2995 forma
2050 2963 2235 3004 juramenti
2256 2963 2336 2995 fide·

722 3016 833 3047 litatis
846 3016 889 3048 R.
906 3016 945 3047 E.
966 3015 1008 3047 ab
1027 3015 1115 3056 ipsis
1133 3016 1328 3055 praestandi.
1349 3016 1403 3057 (A.
1420 3018 1472 3055 29,
1489 3016 1511 3047 s.
1529 3018 1587 3048 135
1604 3016 1634 3054 b,
1653 3017 1692 3048 A.
1711 3019 1764 3056 31,
1786 3017 1810 3048 f.
1833 3017 1870 3049 19
1884 3022 1913 3055 ·;
1937 3017 1973 3049 V.
1990 3018 2042 3055 85,
2059 3026 2112 3057 ep.
2130 3018 2235 3056 1032.)
2273 3042 2280 3047 .
