2560 3476
208 426 311 454 Datum
327 421 511 455 Avenione.

184 534 218 561 ΙΙ
237 535 284 566 (ιιι
297 533 425 568 id.)apr.
446 532 534 561 1328.

217 578 249 607 Τ.
267 578 362 612 XXVI,
377 577 500 604 xxv111.

319 745 356 773 Ut
375 753 398 772 s.

224 790 256 818 T.
278 789 374 822 XXIV,
395 790 481 817 xxVI

314 1065 350 1092 Ut
376 1075 400 1092 s.

298 1110 329 1138 T.
351 1110 421 1137 XVI.

319 1172 353 1200 Ut
374 1181 398 1200 s.

289 1218 320 1246 T.
344 1217 425 1246 XXX.

320 1385 355 1412 Ut
376 1394 399 1413 s.

300 1432 330 1458 T.
353 1432 407 1459 Lx.

179 1919 217 1946 12
231 1920 267 1954 (ιι
286 1918 341 1954 id.)
359 1927 423 1954 apr.
446 1918 534 1947 1328.

304 1963 335 1990 Τ.
357 1963 412 1990 XL.

321 2025 358 2053 Ut
378 2033 403 2054 e.

290 2069 321 2096 Τ.
338 2069 432 2096 XXIV.

325 2770 355 2796 ΙἸ
377 2779 401 2796 s.

281 2814 310 2839 'l'.
330 2814 363 2846 X,
382 2813 441 2842 XII.

322 2981 352 3007 Ut
373 2990 397 3007 s.

269 3025 299 3053 T.
319 3025 364 3058 XI,
381 3025 453 3052 XIII.

570 333 744 365 JOANNIS
768 333 886 364 PAPAE
907 333 1009 363 XXII.
1034 333 1281 373 (13164334).
1306 350 1344 355 ——
1366 332 1552 363 LITTERAE
1576 332 1801 364 COMMUNES
2147 336 2204 366 221

651 529 787 562 40863.
811 550 848 555 -
874 532 987 563 Eidem
1003 532 1123 563 indult.
1143 533 1180 563 ut
1195 533 1269 563 octo
1287 531 1366 563 cler.
1392 532 1457 570 sui,
1473 531 1546 562 suis
1564 531 1738 571 obsequiis
1759 532 1970 570 insistentes,
1988 532 2119 564 fructus
2138 542 2207 565 om-

604 586 700 617 nium
715 585 826 617 benef.
843 594 995 621 suorum,
1014 585 1056 616 ad
1077 585 1277 621 triennium,
1293 585 1422 625 integre
1447 585 1634 624 percipiant
1657 584 1783 624 absque
1802 585 1997 618 residentia.
2017 604 2055 608 —
2070 587 2097 617 I.
2115 595 2143 618 e.
2160 595 2206 618 m.

605 639 718 671 abbati
739 642 884 670 monast.
909 647 937 669 s.
951 639 1110 670 Germani
1130 638 1396 676 Autisiodoren.‚
1414 640 1446 669 et
1461 638 1691 678 Engolismen.
1714 647 1751 669 ac
1767 638 1807 670 de
1826 639 1976 678 Capella,
1991 640 2206 671 Lemoviceu.

604 693 664 730 di.,
685 692 765 724 eccl.
787 692 935 723 decanis.
955 692 1008 731 (A.
1024 694 1075 729 30,
1095 692 1116 722 f.
1133 693 1193 723 396
1209 691 1238 727 b3
1261 691 1296 723 V.
1314 693 1365 727 86,
1379 700 1432 731 ep.
1451 692 1555 729 1889.)

650 743 787 775 40864.
805 763 843 768 -
862 745 974 776 Eidem
990 745 1134 776 facultas
1152 745 1289 785 petendi
1314 746 1347 776 et
1370 745 1553 784 recipiendi
1571 745 1678 775 semel
1704 745 1882 777 dumtaxat
1897 746 2109 777 moderatum
2126 746 2206 777 sub—

605 800 732 830 sidium
748 808 767 830 a
785 799 939 838 personis
962 798 1216 834 ecclesiasticis,
1234 807 1299 828 non
1315 798 1496 836 exemptis,
1517 806 1657 828 suarum
1675 798 1768 829 civit.
1787 800 1819 830 et
1838 799 1898 836 di.,
1915 799 1950 829 in
1967 799 2208 830 relevationem

604 852 797 884 debitorum
822 853 892 882 tam
908 853 1059 891 tempore
1077 860 1139 882 suo
1163 859 1265 890 quam
1291 852 1443 890 tempore
1468 860 1533 890 quo
1552 851 1673 882 Petrus
1699 860 1727 882 s.
1744 850 1906 891 Stephani
1930 852 1964 883 in
1988 852 2208 884 Coeliomonte

604 906 717 946 presb.
735 905 838 942 card„
859 907 938 936 tunc
953 913 1051 944 ep.us
1069 904 1336 940 Autisiodoren.,
1354 904 1505 935 ecclesiae
1516 904 1770 935 Autisiodoren.
1785 907 1926 944 praeerat
1946 907 2206 937 contractorum.

604 977 642 982 --
657 959 683 990 Ι.
703 967 732 990 e.
757 967 801 989 m.
821 966 896 997 ep.o
923 967 950 988 s.
970 958 1078 993 Flori,
1097 959 1129 988 et
1149 957 1226 988 abb.
1239 959 1383 988 monast.
1404 966 1432 987 s.
1447 957 1608 988 Germani
1630 958 1898 995 Autisiodoren.,
1917 967 1954 989 ac
1982 959 2109 990 decano
2127 959 2207 990 eccl.

605 1012 818 1044 Lemovicen.
842 1011 893 1049 (A.
912 1013 962 1048 30,
982 1011 1003 1042 f.
1025 1012 1083 1042 397
1097 1015 1111 1031 ⁸
1125 1012 1158 1041 et
1174 1011 1234 1040 402
1249 1015 1278 1047 ⁸3
1304 1010 1340 1041 V.
1359 1011 1410 1047 86,
1428 1019 1480 1049 ep.
1500 1011 1606 1048 1891.)

649 1062 785 1094 40865.
803 1081 842 1087 -
859 1063 971 1094 Eidem
986 1063 1129 1095 facultas
1144 1063 1185 1094 ad
1202 1063 1389 1094 triennium
1406 1063 1650 1094 reconciliandi
1666 1072 1726 1103 per
1744 1063 1849 1094 alium
1865 1064 2028 1096 ecclesias
2043 1066 2076 1096 et
2092 1073 2209 1096 coeme-

603 1119 690 1150 teria
704 1118 831 1149 violata
845 1126 986 1149 suarum
1002 1117 1094 1148 civit.
1113 1118 1146 1148 et
1161 1117 1207 1148 di.
1224 1116 1277 1157 (A.
1295 1117 1346 1152 30,
1366 1116 1389 1147 f.
1405 1118 1465 1148 410
1484 1116 1513 1152 ¹³3
1536 1116 1572 1147 V.
1590 1118 1641 1153 86,
1661 1126 1715 1156 ep.
1733 1118 1837 1156 1948.)

650 1168 785 1200 40866.
803 1188 841 1194 -
863 1170 975 1201 Eidem
995 1170 1137 1201 facultas
1154 1170 1349 1201 conferendi
1366 1170 1402 1200 in
1426 1178 1488 1200 sua
1509 1169 1765 1201 Autisiodoren.
1784 1171 1880 1208 eccl„
1899 1171 1934 1201 in
1951 1180 2017 1211 qua
2039 1180 2158 1202 canon.
2177 1174 2210 1203 et

603 1225 706 1265 praeb.
726 1215 942 1256 collationem
959 1224 1001 1255 ad
1017 1232 1053 1254 se
1066 1223 1141 1263 jure
1156 1223 1328 1254 ordinario
1349 1223 1472 1254 asserit
1490 1223 1672 1262 pertinere,
1691 1222 1824 1254 duabus
1839 1232 1929 1263 pers.
1951 1224 2094 1260 idoneis,
2112 1225 2153 1255 ab
2171 1234 2212 1256 eo

603 1278 780 1318 eligendis,
795 1277 949 1317 singulos
964 1277 1182 1308 canonicatus
1198 1277 1316 1316 eisque
1333 1276 1487 1316 singulas
1496 1276 1696 1316 praebendas
1714 1277 1922 1308 reservandi.
1936 1278 1987 1317 (A.
2004 1279 2054 1313 30,
2070 1278 2093 1309 f.
2111 1279 2210 1316 5202

608 1331 644 1363 V.
662 1333 713 1368 87,
731 1340 783 1370 ep.
803 1330 911 1371 2012.)

649 1381 785 1413 46867.
803 1401 841 1406 -
858 1383 1048 1420 Bertrando,
1067 1382 1181 1413 Ostien.
1205 1388 1233 1413 et
1264 1382 1426 1414 Velletren.
1447 1392 1529 1423 ep.0,
1547 1383 1588 1413 A.
1608 1382 1641 1414 S.
1664 1382 1775 1424 leqato,
1793 1383 1936 1414 facultas
1959 1384 2145 1423 recipiendi
2163 1393 2213 1415 re-

603 1438 814 1477 signationes
836 1437 1130 1468 archidiaconatus
1149 1436 1362 1476 Aquilegen„
1380 1445 1399 1467 a
1414 1436 1602 1467 Bertrando
1622 1436 1663 1466 de
1681 1436 1935 1476 Podiopetroso,
1953 1439 1987 1468 et
2000 1437 2208 1477 archipresb.

603 1491 643 1522 de
655 1491 864 1526 Viridifolio,
881 1490 1058 1522 Tolosanae
1068 1490 1127 1528 di.,
1145 1490 1299 1521 aBusolo
1315 1490 1356 1520 de
1370 1490 1505 1525 Parma,
1519 1489 1587 1520 PP.
1599 1498 1686 1529 cap„
1700 1489 1773 1521 sive
1782 1490 2039 1521 canonicatuum
2057 1492 2089 1522 et
2106 1490 2208 1530 praeb.

603 1544 794 1582 Belvacen.,
812 1544 853 1575 ab
869 1544 987 1575 eodem
1004 1544 1142 1581 Busolo,
1163 1552 1200 1574 ac
1217 1543 1416 1574 Parmensis
1433 1543 1527 1581 eccl.‚
1545 1552 1564 1574 a
1582 1543 1732 1575 Richavo
1749 1543 1853 1581 Petri,
1870 1552 1972 1574 causa
1989 1544 2208 1583 permutatio·

603 1598 656 1629 nis
674 1598 847 1629 faciendas
866 1599 898 1629 et
914 1597 983 1628 haec
999 1597 1162 1628 beneficia
1173 1598 1273 1637 juxta
1283 1597 1394 1636 ipsam
1409 1597 1694 1636 permutationem
1710 1596 1922 1634 conferendi;
1937 1605 2004 1628 non
2016 1597 2103 1628 obst.
2121 1598 2211 1637 quod

602 1660 722 1682 canon.
741 1653 773 1682 et
788 1651 889 1690 praeb.
908 1651 1177 1682 Mediolanensis
1194 1650 1274 1681 eccl.
1292 1650 1415 1681 collata
1435 1650 1560 1681 fuerint
1574 1650 1759 1681 Bertrando
1775 1650 1815 1681 de
1833 1650 2079 1690 Podiopetroso
2097 1651 2154 1690 qui
2170 1651 2210 1681 de

603 1705 690 1744 ipsis
707 1705 962 1744 possessionem
978 1704 1128 1735 nondum
1145 1705 1324 1734 assecutus
1339 1704 1403 1739 est,
1415 1711 1474 1733 seu
1488 1703 1577 1742 quod
1592 1703 1765 1734 Richavus
1783 1703 1989 1742 parochialis
2006 1704 2047 1734 de
2060 1704 2209 1743 Isarago,

603 1758 736 1790 Uticen.
751 1758 810 1796 di.,
828 1760 937 1788 rector
955 1759 987 1787 et
1002 1766 1074 1788 can.
1097 1757 1160 1787 sub
1175 1765 1271 1795 exsp.
1288 1755 1391 1796 praeb.
1411 1756 1492 1787 eccl.
1511 1756 1695 1787 Januensis
1711 1756 1848 1791 existat,
1867 1756 1938 1787 sive
1956 1757 2046 1796 quod
2062 1757 2211 1788 Busolus

603 1811 639 1841 in
659 1811 859 1846 Tornacen.,
875 1811 1059 1847 Veronen.,
1078 1810 1111 1841 S.
1132 1810 1177 1840 M.
1198 1809 1339 1848 MaJ'oris
1355 1809 1544 1840 Bononien.
1565 1810 1598 1840 et
1614 1817 1642 1839 S.
1658 1809 1776 1848 vigilii
1793 1809 1833 1840 de
1849 1809 1999 1848 Ripalta,
2019 1809 2210 1841 Mantuanae

602 1864 661 1899 di.,
679 1864 759 1894 eccl.
777 1863 997 1894 canonicatus
1014 1864 1046 1894 et
1060 1863 1163 1902 praeh.
1180 1862 1340 1893 obtineat.
1357 1862 1411 1902 (A.
1429 1863 1478 1901 31,
1497 1861 1520 1892 f.
1539 1863 1595 1893 361
1619 1867 1647 1899 ·;
1672 1861 1705 1892 V.
1721 1863 1773 1898 88,
1792 1870 1843 1901 ep.
1863 1862 1971 1902 3347.)

649 1914 786 1946 40868.
807 1934 844 1939 -
872 1916 1059 1952 Ηαεὴεηεη.,
1091 1916 1224 1947 Vabren.
1244 1920 1273 1946 et
1295 1915 1458 1946 Catarcen.
1489 1915 1554 1956 epi
1580 1915 1786 1954 deputantur
1809 1917 1846 1946 ut
1871 1917 2140 1952 conservatores,
2169 1917 2210 1947 ad

604 1970 886 2010 quinquennium,
905 1979 964 2009 pro
983 1979 1059 2009 ep.0
1077 1969 1230 2001 Rivensi.
1247 1969 1299 2008 (A.
1322 1970 1374 2005 29,
1390 1969 1413 1999 f.
1432 1970 1489 1999 141
1506 1973 1535 2005 ⁸3
1556 1968 1593 1999 V.
1608 1969 1659 2003 86,
1676 1977 1728 2008 ep.
1750 1968 1856 2008 1444.)

648 2020 784 2052 40869.
799 2040 838 2045 -
854 2023 970 2054 Abbati
992 2023 1172 2053 monasterii
1195 2021 1231 2052 de
1250 2021 1401 2057 Gimonte,
1423 2021 1617 2053 Lomberien.
1637 2022 1694 2059 di.,
1710 2026 1738 2051 et
1764 2021 1927 2052 Bernardo
1946 2022 2089 2059 Athonis,
2108 2023 2210 2064 priori

603 2076 640 2108 de
657 2076 775 2107 Alsona
796 2076 953 2112 Tolosan.,
971 2086 1005 2106 ac
1023 2075 1200 2107 Raimundo
1222 2075 1367 2113 Athonis,
1384 2075 1504 2106 archid.
1526 2074 1563 2105 de
1587 2075 1674 2105 Aura
1698 2074 1915 2106 Convenarum
1932 2075 2019 2112 eccl„
2037 2077 2150 2107 mand.
2174 2079 2211 2108 ut

602 2131 786 2162 Guillelmo
803 2130 917 2161 abbati
931 2131 1076 2161 monast.
1089 2129 1291 2166 Bonifontis,
1306 2129 1447 2160 Cisterc.
1461 2129 1546 2163 ord„
1559 2128 1745 2159 Convenar.
1759 2129 1819 2165 di.,
1833 2129 2036 2160 interdicant
2050 2130 2212 2161 adminis-

571 2223 573 2225 ‚
603 2185 785 2215 trationem
804 2186 835 2215 et
854 2183 1095 2214 alienationem
1109 2183 1275 2214 bonorum
1295 2183 1337 2213 ad
1352 2182 1465 2221 ipsum
1480 2184 1624 2213 monast.
1643 2182 1880 2221 spectantium,
1894 2191 1971 2213 nam
1990 2191 2066 2213 cum
2082 2183 2209 2214 dudum

572 2248 573 2270 ς
602 2238 689 2277 ipse,
719 2238 929 2277 praetendens
955 2246 990 2268 se
1018 2236 1183 2267 vicarium
1209 2236 1342 2267 abbatis
1366 2237 1510 2266 monast.
1536 2235 1756 2272 Morimundi,
1783 2235 1890 2275 ejusd.
1916 2236 2002 2272 ord.‚
2021 2236 2207 2276 Lingonen.

571 2281 573 2333 f
602 2291 662 2328 di.,
694 2290 936 2330 patrisabbatis
965 2291 1110 2321 monast.
1132 2290 1378 2326 Berdonarum,
1404 2289 1512 2328 ejusd.
1537 2288 1623 2325 ord..
1642 2289 1804 2320 Auxitan.
1829 2288 1889 2325 di.,
1918 2289 1953 2319 in
1981 2290 2209 2329 contemptum

603 2345 827 2384 quarumdam
858 2343 1126 2383 appellationum
1156 2352 1216 2382 per
1248 2342 1446 2379 Arnaldum,
1472 2341 1627 2373 abbatem
1655 2341 1853 2373 monasterii
1884 2342 2208 2382 Elnarum‚praefati

571 2431 572 2436 ¹
603 2398 688 2436 ord„
708 2397 867 2428 Tolosan.
892 2397 951 2434 di.,
967 2398 1000 2427 et
1016 2396 1240 2428 Guillelmum
1259 2395 1432 2432 Bernardi‚
1453 2395 1601 2435 priorem
1618 2395 1729 2434 ipsius
1748 2396 1892 2426 monast.
1913 2396 2156 2432 Berdonarum,
2175 2397 2209 2426 in

603 2451 775 2482 discordia
793 2450 918 2481 clectos
933 2450 967 2480 in
983 2449 1122 2481 abbates
1138 2449 1238 2489 hujus
1257 2450 1416 2484 monast„
1436 2449 1476 2479 ad
1494 2448 1527 2479 S.
1542 2449 1582 2479 A.
1595 2448 1811 2485 emissarum,
1828 2448 2017 2479 Arnaldum
2032 2450 2206 2486 Bernardi,

602 2504 751 2544 priorem
768 2503 983 2535 claustralem
1009 2503 1091 2534 dicti
1115 2504 1260 2534 monast.
1279 2502 1486 2536 Bonifontis‚
1503 2502 1543 2532 de
1569 2501 1656 2532 facto
1677 2501 1788 2532 eidem
1814 2504 1957 2532 monast.
1978 2502 2209 2533 Berdonarum

604 2558 638 2588 in
654 2557 809 2588 abbatem
826 2557 995 2596 praeficere
1012 2556 1280 2596 praesumpserit,
1300 2557 1332 2586 et
1348 2563 1461 2586 coram
1480 2555 1584 2594 Papa,
1602 2555 1637 2585 ut
1653 2555 1765 2594 ipsum
1780 2555 1820 2586 de
1839 2555 2027 2593 praemissis
2045 2554 2207 2586 informa-

604 2613 666 2647 ret,
682 2611 804 2642 citatus
822 2610 954 2647 suisset,
968 2610 1105 2649 praefixo
1120 2611 1234 2640 tamen
1250 2609 1281 2640 ei
1298 2609 1339 2639 ad
1356 2608 1417 2639 hoc
1439 2607 1584 2639 termino
1603 2616 1670 2639 non
1689 2608 1894 2646 comparuit,
1911 2616 1987 2638 cum
2006 2608 2208 2639 inhibitione

571 2689 573 2710 ,ζ
603 2665 677 2704 ejus
696 2663 842 2695 subditis
858 2672 898 2694 ne
917 2663 983 2703 ipsi
1002 2663 1036 2693 in
1051 2663 1166 2702 aliquo
1185 2663 1337 2702 pareant,
1352 2662 1457 2692 donec
1474 2661 1568 2691 aliud
1582 2669 1643 2700 per
1660 2661 1790 2700 Papam
1812 2669 1915 2700 super
1930 2660 1992 2691 hoc
2015 2661 2208 2691 ordinatum

604 2718 717 2748 suerit.
736 2717 789 2755 (A.
806 2718 856 2752 29,
871 2716 893 2747 f.
912 2718 968 2747 221
988 2722 1016 2754 ³3
1041 2716 1074 2747 V.
1093 2718 1144 2753 86,
1163 2725 1216 2755 ep.
1235 2716 1341 2754 1462.)

651 2767 786 2800 10870.
806 2787 845 2792 —
865 2769 998 2800 Andreae
1026 2769 1113 2799 Viola
1133 2769 1267 2800 collatio
1291 2777 1407 2799 canon.
1427 2768 1507 2799 eccl.
1526 2776 1554 2798 s.
1570 2767 1661 2797 Justi
1686 2767 1898 2806 Lugdunen.,
1915 2766 1952 2796 in
1974 2775 2041 2805 qua
2065 2766 2142 2797 licet
2164 2767 2208 2797 sit

572 2830 574 2835 ’
604 2825 716 2854 certus
733 2832 805 2854 can.
825 2831 988 2854 numerus
1008 2821 1110 2862 praeb.
1130 2823 1241 2852 lamen
1266 2821 1437 2852 distinctio
1456 2829 1522 2851 non
1545 2819 1696 2851 habetur.
1711 2836 1751 2842 —
1766 2819 1793 2849 Ι.
1813 2828 1841 2850 e.
1862 2828 1906 2849 m.
1924 2818 2092 2858 archiep.o
2109 2819 2207 2850 Vien-

606 2885 695 2913 nen.‚
715 2877 748 2907 et
767 2876 892 2907 decano
911 2885 938 2906 s.
956 2875 1117 2915 Stephani
1134 2875 1174 2905 de
1190 2875 1341 2905 Tescone
1352 2872 1607 2908 Montisalban..
1624 2881 1661 2902 ac
1676 2871 1862 2903 Guillelmo
1880 2872 1920 2902 de
1935 2871 2115 2911 Bessojoco,
2133 2881 2204 2902 can.

605 2929 802 2967 Lugdunen.
820 2929 900 2959 eccl.
919 2929 974 2967 (A.
988 2930 1039 2965 30,
1058 2928 1081 2959 f.
1100 2929 1159 2958 268
1179 2932 1207 2963 ὃ;
1234 2926 1266 2957 V.
1285 2928 1335 2963 86,
1356 2935 1408 2966 ep.
1424 2927 1529 2963 1616.)

651 2979 789 3011 40871.
808 2999 845 3004 -
862 2981 990 3021 Huqoni
1013 2980 1049 3011 de
1066 2980 1232 3011 Malavalle
1254 2988 1347 3019 proxr.
1371 2987 1488 3010 canon.
1510 2978 1590 3009 eccl.
1618 2976 1872 3008 Autisiodoren.
1892 2976 1956 3007 sub
1980 2986 2075 3017 exsp.
2103 2978 2206 3017 praeb.

608 3035 757 3075 integrae.
777 3052 812 3056 —
831 3035 857 3065 Ι.
875 3043 904 3065 e.
927 3043 973 3065 m.
998 3033 1168 3072 archiep.o
1186 3033 1367 3067 Viennam,
1386 3033 1418 3063 et
1443 3030 1518 3062 abb.
1536 3030 1679 3060 monast.
1703 3029 1945 3068 Latigniacen„
1964 3030 2129 3062 Parisien.
2148 3031 2207 3069 di.,
