2560 3476
322 271 382 302 3⁴0

351 359 454 386 Datum
478 351 662 387 Avenione.

400 565 507 601 19jul.
527 564 615 592 1328.

388 614 452 646 (xlv
469 609 528 637 kal.
546 608 627 644 aug.)

450 655 482 682 T.
501 653 560 682 XX.

391 833 429 860 20
447 832 506 866 jul.
531 830 619 859 1328.

387 879 454 914 (xm
470 875 528 904 kal.
545 875 624 911 aug.)

430 922 461 949 T.
483 921 580 949 XXIV.

467 993 504 1021 Ut
521 1001 544 1021 s.

463 1039 494 1065 T.
515 1038 546 1065 L.

467 1154 504 1182 Ut
517 1162 541 1181 s.

464 1199 496 1226 T.
517 1198 549 1225 L.

465 1261 502 1289 Ut
522 1269 546 1288 s.

413 1307 444 1334 Τ.
461 1307 507 1340 XI,
523 1305 595 1333 XIII.

465 1531 501 1558 Ut
520 1539 543 1557 s.

440 1575 470 1602 T.
493 1575 563 1602 XVI.

393 1637 430 1664 21
446 1637 505 1672 jul.
528 1636 617 1664 1328.

390 1682 446 1717 (ΧΠ
460 1681 520 1709 kal.
538 1681 619 1717 aug.)

442 1727 473 1753 T.
494 1727 564 1754 XVI.

377 1842 407 1869 T.
424 1797 628 1876 xx¹31tfi<xm

464 2012 499 2038 Ut
520 2020 543 2039 s.

421 2056 453 2083 T.
476 2055 580 2083 111111v.

463 2225 498 2252 Ut
520 2234 543 2253 s.

433 2270 464 2297 T.
482 2270 565 2299 XXX.

457 2602 494 2630 Ut
512 2610 535 2629 s.

400 2647 431 2674 T.
453 2647 499 2681 XI,
521 2647 595 2675 XIII.

459 2816 496 2844 Ut
516 2824 540 2843 s.

394 2860 424 2887 Τ.
446 2861 505 2895 xll,
526 2861 596 2888 XIV.

722 262 895 295 JOANNIS
918 261 1038 294 PAPAE
1059 261 1162 292 XXII.
1186 261 1436 302 (1316-1834).
1459 277 1498 283 —
1519 260 1708 292 LITTERAE
1730 260 1956 294 COMMUNES

750 455 805 487 tiae
820 456 861 487 R.
877 455 930 492 F.,
947 455 984 486 ut
1007 453 1049 486 ab
1068 454 1187 486 eodem
1213 453 1268 486 off.
1283 453 1487 490 voluntarie,
1503 453 1572 485 nisi
1586 453 1729 494 probata
1751 463 1855 487 causa
1878 454 2044 496 legitima,
2059 456 2172 489 valeat
2190 457 2355 490 amoveri.

751 510 803 548 (A.
820 509 870 544 30,
886 508 910 539 f.
927 509 988 540 594
1003 507 1034 545 1’;
1055 507 1092 539 V.
1107 509 1159 545 87,
1176 516 1229 548 ep.
1246 506 1356 546 2440.)
1991 505 1994 507 ’

796 558 932 591 41957.
950 580 988 584 -
1001 561 1118 593 ,Ιοαηηί
1134 561 1269 593 Martini
1285 560 1322 591 de
1339 559 1497 597 Goldartz,
1512 560 1616 605 presb.
1637 561 1858 602 Pampilonen.
1875 561 1934 598 di.,
1952 562 2024 603 J'am
2039 563 2238 604 dispensato
2253 573 2358 605 super

750 617 883 648 defectu
900 615 1078 652 natalium,
1094 623 1196 655 quem
1211 614 1348 655 patitur,
1367 623 1444 646 cum
1460 614 1506 646 sit
1522 623 1540 646 e
1557 615 1670 646 soluto
1683 616 1716 646 et
1735 615 1847 647 soluta
1869 616 2017 656 genitus,
2038 626 2132 649 conc.
2149 617 2302 658 dispens.
2318 619 2356 650 ut

750 670 786 701 in
803 669 973 709 susceptis
995 669 1067 700 ord.
1085 668 1280 700 ministrare
1305 669 1338 699 et
1358 667 1562 699 beneficium
1584 677 1612 699 c.
1639 677 1667 700 c.
1693 669 1749 700 vel
1764 677 1792 700 s.
1814 678 1842 700 c.
1866 669 2018 710 recipere
2034 670 2158 707 valeat,
2175 679 2244 704 non
2266 671 2355 704 obst.

751 723 840 764 quod
854 723 1012 763 parentes
1027 722 1081 753 sui
1097 727 1146 753 1v0
1162 721 1383 762 consanguin.
1399 721 1506 762 gradu
1523 723 1641 754 mutuo
1653 730 1690 754 se
1701 722 1908 763 contingant,
1924 723 2000 764 ipso
2014 724 2153 764 penitus
2166 724 2355 765 ignorante.

751 777 803 818 (A.
819 778 871 815 31,
888 776 911 807 f.
927 778 984 807 116
1002 775 1032 812 ῦς
1057 775 1090 806 V.
1104 776 1156 813 87,
1173 783 1225 815 ep.
1243 776 1353 815 2834.)

795 827 933 860 41958.
950 849 988 854 -
1005 829 1138 870 Indulg.
1157 840 1173 860 c
1195 829 1328 860 dierum
1346 828 1390 860 ad
1406 828 1594 861 triennium
1615 837 1738 861 manus
1753 829 2008 871 porrigentibus
2023 831 2208 872 adjutrices
2221 831 2358 865 fabricae

749 884 829 916 eccl.
859 884 1051 921 Belvacen.,
1069 892 1155 923 quae,
1172 885 1209 914 ut
1233 882 1307 922 ejus
1327 882 1516 922 capitulum
1538 882 1787 923 significarunt,
1810 883 2006 924 sumptibus
2030 885 2063 916 et
2079 885 2241 925 expensis
2258 886 2359 926 quasi

749 936 1046 969 inextimabilibus
1062 936 1280 968 construitur.
1301 935 1353 974 (A.
1369 937 1421 972 30,
1439 935 1462 967 f.
1483 937 1542 967 573
1558 941 1586 972 ¹3
1609 936 1646 968 V.
1661 937 1714 974 87,
1727 945 1780 977 ep.
1795 938 1902 977 2349.)

795 988 933 1021 41959.
953 1009 991 1013 -
1010 990 1179 1025 Parisien..
1202 989 1368 1021 Cacurcen.
1386 994 1414 1020 et
1429 989 1635 1021 Silvanecten.
1653 990 1732 1032 epa's
1747 990 1893 1022 facultas
1910 991 2110 1023 absolvendi
2125 1000 2291 1032 personas
2306 1000 2359 1024 ec-

750 1045 960 1076 clesiasticas
988 1044 1030 1076 ab
1051 1043 1210 1076 omnibus
1237 1043 1346 1082 poenis
1373 1043 1523 1074 incursis
1547 1044 1684 1083 propter
1712 1044 1977 1077 retardationem
2007 1045 2190 1078 solutionis
2217 1045 2358 1078 decimae

749 1098 909 1138 Philippo
927 1099 968 1130 R.
985 1098 1024 1129 F.
1044 1106 1224 1130 concessae.
1244 1097 1296 1136 (A.
1317 1098 1368 1135 30,
1386 1096 1410 1127 f.
1425 1098 1487 1129 604
1502 1102 1531 1135 ι;
1552 1097 1588 1128 V.
1605 1098 1657 1135 87,
1675 1106 1728 1137 ep.
1748 1097 1858 1138 2121.)

794 1149 931 1181 41960.
950 1170 991 1174 -
1003 1151 1181 1192 Arckiep.is
1205 1155 1235 1181 et
1250 1151 1329 1192 ep.is
1346 1160 1403 1191 per
1417 1160 1548 1190 reqnum
1563 1150 1706 1181 Franciae
1722 1155 1814 1192 atque
1829 1156 1929 1182 terras
1947 1151 2099 1194 Philippo
2111 1151 2150 1184 R.
2163 1151 2202 1184 F.
2220 1151 2360 1184 subditae

750 1206 924 1237 constitutis
940 1214 1032 1237 conc.
1055 1205 1182 1236 similis
1195 1204 1351 1236 facultas.
1370 1203 1422 1243 (A.
1439 1205 1490 1241 30,
1506 1204 1529 1235 f.
1547 1205 1608 1236 604
1625 1210 1654 1242 ·;
1677 1203 1712 1235 V.
1730 1205 1782 1243 87,
1799 1213 1852 1245 ep.
1870 1206 1976 1245 2422.)

793 1256 932 1289 41961.
949 1276 987 1282 ·-
1004 1257 1169 1290 Guillelmo
1187 1257 1224 1289 de
1241 1257 1401 1296 Barhona,
1423 1267 1504 1288 mon.
1522 1262 1658 1291 monast.
1681 1257 1861 1296 Resbacen„
1884 1258 1918 1289 O.
1935 1258 1969 1291 S.
1989 1259 2043 1295 B„
2061 1259 2195 1292 Melden.
2210 1258 2269 1296 di.,
2287 1267 2360 1301 gra-

749 1313 798 1344 tia
821 1322 916 1353 exsp.
933 1312 1116 1352 prioratus,
1135 1311 1189 1342 vel
1207 1311 1399 1343 administr.
1416 1320 1478 1342 seu
1498 1312 1553 1343 off.
1572 1321 1599 1342 c.
1620 1321 1648 1344 c.
1668 1312 1723 1343 vel
1739 1321 1767 1343 s.
1784 1321 1828 1350 c.,
1844 1313 2000 1344 consueti
2015 1313 2097 1345 dicti
2116 1314 2265 1345 monast.
2285 1321 2360 1346 mo-

749 1366 867 1398 nachis
882 1366 1051 1407 assignari
1065 1367 1097 1397 et
1113 1365 1154 1396 ad
1167 1365 1241 1406 ejus
1259 1365 1389 1396 abbatis
1406 1366 1439 1396 et
1452 1373 1548 1396 conv.
1564 1365 1782 1397 collationem
1798 1366 1919 1405 pertin.
1934 1383 1973 1390 —-
1986 1366 2013 1398 Ι.
2024 1375 2054 1398 e.
2072 1375 2118 1398 m.
2136 1367 2264 1398 decano
2279 1365 2360 1398 Mel-

750 1420 840 1458 den.,
865 1420 897 1451 et
922 1419 1053 1451 cantori
1077 1419 1231 1453 Trecen.‚
1256 1427 1293 1449 ac
1320 1418 1443 1450 Joanni
1469 1419 1510 1449 de
1534 1418 1674 1457 Pennis,
1699 1428 1774 1450 can.
1799 1419 1942 1451 Remen.
1962 1419 2044 1452 eccl.
2067 1419 2119 1459 (A.
2134 1421 2186 1458 30,
2207 1419 2304 1452 f.61·1
2320 1419 2359 1458 ¹²3

756 1473 791 1504 V.
806 1475 857 1510 87,
884 1482 936 1513 ep.
954 1474 1061 1512 2465.)

794 1524 931 1557 41962.
946 1546 984 1550 -
1001 1525 1180 1557 Raimundo
1190 1525 1226 1556 de
1241 1526 1265 1557 Α
1271 1525 1398 1566 9nafos,
1404 1526 1593 1567 praecentori
1606 1525 1679 1557 eccl.
1692 1536 1717 1558 S.
1730 1526 1827 1557 Pauli
1836 1526 2030 1565 Narbonem,
2042 1527 2183 1559 licentia
2196 1527 2356 1559 testandi.

750 1581 801 1622 (A.
824 1583 875 1617 31.
894 1581 917 1612 f.
935 1583 994 1612 239
1010 1580 1040 1616 bJ
1064 1580 1098 1611 V.
1117 1581 1167 1615 88,
1189 1588 1241 1619 ep.
1260 1581 1367 1619 3057.)
1428 1587 1432 1590 '

794 1632 932 1665 41963.
949 1652 988 1656 -
1003 1634 1109 1664 Mar-co
1122 1633 1159 1663 de
1174 1632 1357 1671 Melonibus,
1374 1632 1446 1663 cler.
1463 1633 1589 1674 Reqin„
1605 1643 1666 1664 non
1685 1634 1853 1675 conjuqato
1864 1644 1919 1665 nec
1935 1635 1968 1665 in
1982 1635 2079 1665 sacris
2094 1634 2161 1667 ord.
2181 1635 2360 1673 constituto,

749 1697 842 1720 conc.
870 1688 1113 1719 tabellionatus
1140 1687 1207 1722 off.‚
1226 1695 1302 1718 cum
1321 1687 1428 1718 forma
1451 1687 1638 1727 juramenti
1666 1675 1843 1719 fidelitatis
1870 1689 1911 1720 R.
1935 1688 1973 1719 E.
1991 1687 2033 1720 ab
2061 1688 2137 1728 ipso
2159 1689 2357 1729 praestandi.

749 1742 863 1782 (Α.29,
882 1742 905 1773 f.
925 1743 983 1773 135
996 1746 1024 1778 ἣ
1046 1740 1082 1772 V.
1102 1741 1154 1777 85,
1170 1749 1222 1780 ep.
1244 1740 1348 1778 1031.)
2035 1782 2038 1783 γ

791 1792 932 1825 41964.
951 1813 987 1818 -
1005 1794 1046 1825 N.
1065 1804 1093 1824 v.
1116 1792 1245 1824 Galcero
1261 1792 1296 1823 de
1321 1791 1518 1831 Castalium,
1537 1793 1642 1824 comiti
1658 1793 1816 1829 Porciam,
1831 1794 2062 1825 constabulario
2077 1794 2231 1833 Francia,
2249 1795 2360 1828 indul-

746 1850 819 1880 tum
837 1851 873 1880 ut
891 1858 923 1879 iv
941 1848 1034 1883 cler.,
1053 1846 1126 1878 suis
1147 1846 1347 1878 insistentes
1363 1846 1551 1886 obsequiiS,
1568 1846 1700 1878 fructus
1717 1847 1828 1878 benef.
1850 1856 1991 1880 suorum
2008 1848 2050 1879 ad
2067 1848 2254 1880 triennium
2273 1849 2357 1881 inte-

745 1912 803 1943 gre
829 1902 1029 1942 percipiant.
1043 1918 1083 1923 —
1097 1900 1124 1931 1.
1140 1909 1169 1932 e.
1188 1909 1232 1932 m.
1250 1909 1278 1931 s.
1298 1900 1431 1931 Nicasii
1446 1900 1603 1938 Remen.,
1623 1901 1656 1932 et
1670 1909 1698 1932 s.
1715 1901 1859 1932 Faronis
1883 1901 2027 1947 Melden.
2057 1903 2204 1934 monast.
2227 1901 2358 1934 abhati-

745 1956 822 1992 bus,
842 1965 879 1987 ac
895 1955 1022 1987 decano
1038 1954 1120 1986 eccl.
1137 1953 1358 1986 Parisiensis.
1379 1953 1432 1992 (A.
1447 1955 1498 1991 30,
1513 1953 1537 1985 f.
1548 1955 1609 1985 615
1624 1959 1652 1991 ³3
1678 1953 1713 1985 V.
1729 1956 1781 1993 87,
1799 1963 1851 1994 ep.
1866 1954 1976 1996 2458.)

789 2006 928 2040 41965.
944 2027 983 2032 -
1000 2008 1170 2039 Francisco
1191 2017 1260 2048 ep.o
1280 2006 1454 2038 Florentia.
1467 2007 1702 2045 committitur,
1720 2017 1829 2048 usque
1847 2008 1890 2040 ad
1909 2008 1942 2040 S.
1963 2010 2004 2040 A.
2021 2008 2284 2049 beneplacitum,
2301 2009 2357 2042 ad-

744 2063 951 2095 ministratio
969 2062 1050 2094 eccl.
1072 2062 1237 2099 Firman.,
1257 2070 1317 2100 per
1343 2060 1475 2093 obitum
1499 2060 1674 2092 Francisci
1697 2062 1789 2101 apud
1806 2062 1840 2094 S.
1859 2062 1969 2094 eamd.
1986 2062 2114 2103 praevia
2132 2063 2284 2103 generali
2306 2071 2358 2096 re-

744 2118 935 2149 servatione
951 2116 1174 2149 ecclesiarum
1193 2115 1350 2146 Marchiae
1365 2115 1588 2146 Anconitanae
1603 2123 1664 2155 per
1681 2115 1748 2146 PP.
1765 2115 1854 2147 facta
1872 2124 1942 2147 vac.
1961 2133 2000 2138 —
2016 2116 2045 2147 I.
2064 2125 2094 2147 e.
2115 2125 2162 2147 m.
2187 2117 2301 2157 capit..
2323 2118 2358 2150 et

743 2170 915 2202 universis
934 2170 1095 2201 vassallis
1110 2177 1147 2200 ac
1167 2168 1316 2200 subditis
1330 2168 1427 2199 dictae
1445 2168 1525 2200 eccl.
1540 2168 1593 2209 (A.
1614 2170 1666 2207 30,
1684 2168 1707 2200 f.
1725 2170 1786 2201 690
1803 2174 1832 2207 ὃς
1857 2169 1893 2201 V.
1911 2170 1963 2207 87,
1979 2177 2034 2209 ep.
2051 2171 2159 2209 2598.)

789 2221 926 2254 41966.
941 2241 980 2247 -
1005 2222 1175 2264 Arckiep.o
1199 2221 1375 2254 Coloniensi
1392 2222 1506 2254 mand.
1525 2223 1562 2254 ut
1582 2222 1739 2254 Gotfrido
1752 2222 1793 2253 de
1809 2223 2039 2261 Hardenoust,
2058 2223 2146 2254 laico
2164 2223 2355 2260 colonien„

725 2308 728 2313 ,
743 2281 776 2309 et
792 2278 865 2309 suis
881 2277 1064 2309 heredibus
1082 2277 1116 2308 in
1133 2285 1228 2317 perp.
1245 2276 1397 2307 reservet
1410 2275 1467 2316 jus
1479 2275 1708 2316 praesentandi
1728 2285 1762 2307 1v
1778 2285 1945 2316 personas
1962 2276 2005 2308 ad
2020 2276 2188 2316 capellam
2203 2286 2230 2309 s.
2248 2277 2359 2318 Noyt—

742 2331 861 2372 burgiS
877 2331 1067 2368 Colonien.,
1085 2330 1140 2362 cui
1165 2330 1239 2370 ipse
1257 2330 1300 2361 ad
1322 2329 1486 2360 honorem
1505 2329 1570 2360 Dei
1587 2330 1620 2360 et
1637 2329 1669 2360 b.
1694 2329 1861 2369 Virginis,
1875 2330 1997 2361 matris
2020 2329 2106 2369 ejus,
2124 2339 2162 2362 ac
2186 2339 2249 2371 pro
2271 2339 2355 2368 suae,

742 2387 775 2417 et
791 2385 910 2416 uxoris
926 2394 963 2416 ac
980 2384 1172 2424 genitorum
1187 2391 1328 2414 suorum
1346 2383 1539 2414 animarum
1556 2382 1680 2422 salute,
1700 2383 1912 2415 sufficientes
1932 2383 2088 2415 redditus
2109 2393 2169 2424 pro
2187 2393 2222 2416 iv
2239 2393 2355 2425 perpe-

741 2440 812 2471 tuis
832 2447 904 2478 cap.
921 2437 1132 2478 presbyteris
1150 2437 1209 2477 qui
1231 2437 1267 2468 in
1287 2445 1338 2474 ea,
1356 2438 1532 2476 tamquam
1549 2436 1716 2474 canonici,
1739 2438 1903 2477 perpetuo
1921 2437 2071 2469 serviant
2093 2437 2130 2468 in
2146 2438 2286 2476 divinis,
2303 2447 2355 2470 as-

742 2493 877 2533 signare
904 2492 1059 2523 intendit.
1091 2491 1143 2529 (A.
1163 2492 1214 2529 31,
1239 2490 1262 2521 f.
1279 2491 1339 2522 254
1356 2486 1385 2527 ὺζ
1413 2489 1448 2521 V.
1471 2491 1521 2528 88,
1539 2498 1591 2532 ep.
1617 2491 1712 2528 3129;
1740 2490 1928 2523 Seueriand
1955 2490 2185 2531 (Rheinlande),
2209 2492 2234 2523 t.
2257 2492 2302 2531 H,
2318 2501 2353 2532 p.

742 2548 812 2584 170,
832 2555 864 2576 n.
885 2546 990 2585 1516.)

786 2597 924 2629 41967.
940 2616 977 2622 -
998 2597 1154 2630 Willelmo
1169 2597 1205 2628 de
1219 2597 1376 2629 Luchiner
1388 2597 1497 2638 gratia
1512 2605 1608 2638 exsp.
1626 2597 1733 2638 dign,
1748 2598 1953 2637 personatus
1969 2606 2029 2629 seu
2045 2598 2098 2629 off.
2116 2607 2144 2630 c.
2163 2607 2190 2630 c.
2204 2598 2259 2630 vel
2275 2607 2303 2630 s.
2321 2607 2352 2630 c.

741 2654 823 2685 eccl.
848 2653 1026 2690 Werden„
1046 2652 1223 2684 Colonien.
1242 2651 1302 2689 di.,
1323 2651 1358 2682 in
1377 2660 1443 2692 qua
1468 2659 1587 2683 canon.
1613 2651 1743 2682 obtinet
1766 2652 1799 2682 et
1817 2650 1922 2691 praeb.
1938 2669 1977 2674 —
1993 2652 2020 2683 I.
2039 2661 2068 2683 e.
2087 2661 2132 2683 m.
2152 2661 2179 2683 s.
2197 2652 2354 2684 Severini

742 2709 776 2739 et
788 2707 823 2739 S.
839 2707 884 2739 M.
906 2707 948 2738 ad
973 2706 1108 2739 Gradus
1132 2705 1306 2738 Colonien.
1326 2705 1533 2745 praepositis,
1550 2712 1588 2735 ac
1604 2713 1692 2745 mag.
1710 2704 1852 2736 Nicolao
1867 2705 1908 2736 de
1923 2705 2066 2744 F1·actis‚
2085 2714 2157 2737 can.
2175 2706 2352 2738 Patracen.

741 2761 835 2798 eccl.‚
851 2761 918 2792 litt.
937 2761 1045 2800 apost.
1065 2759 1260 2792 correctori.
1277 2758 1329 2798 (A.
1352 2760 1402 2794 31,
1430 2758 1452 2789 f.
1468 2759 1529 2791 269
1544 2763 1573 2796 ⁸;
1594 2758 1632 2789 V.
1648 2759 1698 2795 88,
1715 2766 1767 2797 ep.
1784 2759 1889 2798 3135.)

785 2811 923 2844 41968.
943 2831 983 2836 -
1002 2813 1166 2844 Ticmanno
1187 2812 1224 2844 de
1243 2812 1332 2844 Unmz
1355 2812 1462 2853 gratia
1485 2814 1584 2853 exsp.
1598 2812 1703 2852 dign„
1723 2812 1778 2843 vel
1803 2813 2018 2853 personatus,
2042 2821 2104 2844 seu
2121 2812 2187 2850 off„
2203 2812 2258 2844 vel
2277 2813 2352 2845 obe-

741 2868 889 2904 dientiae,
907 2877 935 2899 s.
950 2877 991 2905 c.,
1009 2868 1046 2899 in
1072 2867 1153 2899 eccl.
1179 2867 1347 2905 Bunnen.,
1372 2865 1548 2898 Colonien.
1568 2866 1632 2903 di.;
1647 2874 1714 2897 non
1738 2865 1826 2897 obst.
1848 2866 1883 2897 in
1907 2866 1993 2902 ead.,
2013 2866 2048 2897 in
2063 2866 2251 2898 Essenden.
2267 2867 2301 2898 et
2315 2866 2353 2898 in

740 2922 979 2963 Deytkirgen.,
998 2921 1095 2952 dictae
1111 2920 1171 2957 di.,
1188 2929 1307 2952 canon.
1325 2921 1358 2951 et
1374 2919 1490 2960 presb„
1508 2920 1594 2950 acin
1613 2928 1661 2950 ss.
1677 2919 1919 2959 Apostolorum
1936 2919 2111 2951 colonien.
2132 2919 2213 2951 eccl.
2232 2928 2350 2952 canon.

741 2976 804 3008 sub
828 2984 923 3015 exsp.
939 2974 1057 3015 praeb.‚
1077 2983 1205 3007 necnon
1229 2974 1309 3006 eccl.
1330 2973 1365 3005 in
1387 2973 1619 3013 Leichlingen,
1636 2973 1745 3014 ejusd.
1763 2973 1824 3012 di.,
1843 2980 1951 3014 quam'
1961 2973 2133 3005 dimittere
2151 2974 2298 3005 tenetur.
2316 2991 2354 2996 —
