2560 3476
314 345 372 375 194
709 339 883 371 JOANNIS
907 338 1026 369 PAPAE
1047 337 1151 369 XXII.
1175 338 1421 377 (1316-1884).
1445 355 1482 361 —
1505 337 1693 369 LITTERAE
1715 337 1942 370 COMMUNES

342 433 445 461 Datum
468 427 654 461 Avenione.

740 531 865 571 guinis,
884 531 943 562 sed
960 532 1094 562 tantum
1109 530 1152 562 ad
1167 529 1400 571 fastigationis
1415 539 1548 571 poenam
1564 531 1805 571 imponendam
1822 539 1866 563 ex
1882 519 2066 564 commIsso
2082 531 2149 563 sihi
2167 532 2281 565 officio
2295 533 2348 565 in-

740 585 932 625 quisiverit,
957 584 1036 616 licet
1059 584 1310 623 vicesgerentes
1329 583 1464 624 aliquos
1485 583 1642 616 habuerit
1663 584 1839 625 generales
1861 585 1920 626 qui
1945 585 1987 617 ad
2009 593 2143 626 poenam
2167 586 2288 618 mortis
2312 588 2346 619 et

739 637 884 669 membri
902 637 1152 669 mutilationem
1169 638 1286 669 contra
1302 637 1466 669 scelestos
1480 638 1513 669 et
1530 637 1720 678 culpabiles
1734 638 1866 670 ratione
1884 638 1966 670 dicti
1984 637 2089 670 officii
2106 639 2346 679 processerint.

739 691 794 732 (A.
816 692 868 727 30,
885 692 907 723 f.
927 692 987 722 202
1005 690 1034 727 ¹³3
1059 690 1092 721 V.
1107 692 1158 729 86,
1175 699 1227 730 ep.
1246 692 1353 730 1445.)

313 746 332 773 8
347 748 416 781 (vui
428 745 482 779 id.)
494 749 577 774 mart.
594 745 682 774 1328.
785 741 922 774 40617.
945 762 982 767 —
998 745 1082 785 May.
1103 743 1232 786 Huqoni
1247 743 1286 775 de
1302 743 1498 785 Enqolisma,
1517 744 1636 775 archid.
1657 743 1874 783 Cantwrzlm„
1896 745 2011 778 mand.
2026 746 2076 784 ut,
2091 745 2122 777 si
2138 745 2206 786 ipsi
2219 745 2350 778 videbi-

444 790 475 818 T·
495 790 550 818 XL.
739 801 806 834 tur,
822 798 1031 829 monasterio
1048 806 1075 829 s.
1094 798 1231 836 Albani,
1252 798 1290 829 E.
1308 798 1349 830 R.
1368 797 1563 829 immediate
1579 797 1744 838 subiecto,
1762 798 1801 831 Ο.
1822 799 1857 831 S.
1874 799 1925 836 B.,
1940 799 2151 831 Lincolnien.
2170 799 2232 837 di.,
2250 799 2349 832 uniat

740 851 969 891 parochialem
983 851 1062 883 eccl.
1080 852 1121 883 de
1136 851 1324 892 Appilton.,
1349 850 1535 883 Eboracen.
1554 851 1614 887 di.,
1630 851 1684 892 (40
1707 851 1768 883 lib.
1788 851 1882 884 sterl.
1909 860 1975 884 sec.
1995 854 2065 884 tax.
2089 852 2187 891 dec.)‚
2211 853 2253 884 de
2271 853 2350 894 jure

740 907 940 945 patronatus
954 905 1107 946 ejusdem
1125 906 1270 936 monast.
1287 905 1504 942 existentem,
1522 913 1613 942 nam,
1631 906 1670 937 ut
1689 905 1857 937 Ricardus
1879 905 1984 937 abbas
2006 907 2039 937 et
2061 907 2259 943 conventus,
2278 915 2350 939 mo-

741 959 930 990 nasterium
945 960 1082 999 propter
1104 959 1246 990 adversa
1269 959 1425 998 tempora
1450 960 1482 990 et
1501 958 1698 999 frequentes
1713 958 1906 990 vacationes
1929 958 2003 999 ejus
2025 967 2155 991 necnon
2173 959 2215 991 ob
2229 967 2350 1000 graves

742 1021 909 1052 expensas
926 1021 986 1052 pro
1004 1012 1259 1043 conservatione
1279 1012 1447 1043 bonorum
1467 1013 1500 1043 et
1511 1011 1642 1052 jurium
1660 1020 1800 1043 suorum
1816 1012 1852 1043 in
1865 1014 1948 1045 5000
1963 1012 2090 1044 march.
2108 1012 2349 1054 sterlingorum

741 1065 927 1106 obligatum
953 1066 1082 1101 existit,
1103 1065 1244 1105 eJusque
1273 1065 1427 1096 redditus
1447 1066 1586 1106 propter
1612 1074 1754 1105 guerras
1771 1065 1861 1097 inter
1886 1066 2018 1107 Angliae
2039 1067 2073 1098 et
2093 1065 2216 1098 Scotioe
2245 1074 2350 1107 regna

741 1119 978 1159 multipliciter
993 1119 1154 1150 diminuti
1169 1120 1258 1150 sunt.
1277 1118 1330 1159 (A.
1347 1120 1399 1158 30,
1417 1119 1439 1150 f.
1459 1120 1520 1150 262
1533 1118 1564 1155 ι’;
1586 1118 1623 1150 V.
1641 1120 1693 1156 86,
1710 1127 1762 1159 ep.
1781 1119 1888 1158 1628.)

462 1173 498 1201 Ut
513 1182 536 1201 s.
787 1170 925 1203 40618.
943 1189 982 1194 ——
995 1172 1159 1203 Prochinae
1177 1171 1327 1213 deslay,
1351 1173 1389 1204 Ο.
1408 1173 1445 1204 F.
1464 1173 1515 1210 P„
1535 1172 1686 1212 dispens.
1706 1172 1747 1203 ab
1765 1172 1991 1210 inhabilitate,
2009 1172 2040 1204 si
2057 1181 2160 1213 quam
2177 1174 2350 1205 contraxe-

741 1227 796 1264 rit,
816 1235 854 1258 eo
879 1226 969 1266 quod
990 1226 1072 1257 olim
1092 1226 1185 1266 prior
1203 1226 1241 1258 Ο.
1259 1226 1298 1257 F.
1323 1226 1361 1257 P.
1383 1226 1528 1266 Pragen.
1546 1226 1708 1263 existens,
1730 1226 1912 1266 quemdam
1929 1226 2070 1258 fratrem
2091 1226 2174 1258 dicti
2196 1226 2282 1264 ord„
2309 1226 2351 1258 de

742 1280 918 1320 provincia
930 1279 1117 1317 Bohemiae,
1136 1280 1195 1319 qui
1212 1280 1252 1310 ad
1269 1280 1473 1311 conventum
1492 1280 1645 1311 eorumd.
1665 1279 1811 1311 fratrum
1827 1279 1973 1320 Pragen.
1991 1280 2143 1317 venerat,
2160 1281 2204 1315 et,
2222 1279 2352 1321 absque

743 1334 816 1374 ejus
834 1335 865 1364 et
882 1333 1069 1373 superioris
1085 1333 1140 1363 sui
1155 1333 1306 1371 licentia,
1319 1341 1533 1373 quocumque
1552 1334 1584 1364 et
1600 1333 1881 1373 quandocumque
1896 1333 2043 1370 volebat,
2059 1332 2166 1365 libere
2183 1333 2351 1366 discurre-

742 1387 811 1424 bat,
835 1387 877 1418 ad
896 1387 1083 1426 capitulum
1097 1387 1250 1417 evocavit
1267 1388 1299 1417 et
1317 1386 1357 1417 ab
1378 1395 1416 1417 eo
1433 1386 1614 1427 inquisivit
1630 1386 1727 1426 cujus
1745 1387 1945 1418 auctoritate
1962 1387 2005 1418 ad
2018 1387 2223 1418 conventum
2236 1386 2351 1427 ipsum

742 1441 893 1471 venisset
916 1440 1031 1479 sicque
1055 1440 1262 1471 discurreret
1276 1449 1337 1479 pro
1354 1440 1453 1471 libito
1471 1439 1667 1478 voluntatis,
1691 1441 1723 1471 et
1750 1448 1826 1471 cum
1853 1440 1965 1471 dictus
1988 1440 2093 1472 frater
2117 1439 2353 1480 respondisset

743 1494 832 1533 quod
858 1495 946 1524 auct.
964 1493 1181 1533 inquisitoris
1203 1494 1239 1524 in
1259 1493 1332 1524 illis
1349 1493 1504 1533 partibus
1529 1493 1694 1524 haereticae
1714 1493 1906 1533 pravitatis,
1935 1494 2025 1525 idem
2049 1494 2144 1534 prior
2161 1493 2231 1525 haec
2248 1493 2353 1526 verba

743 1547 885 1587 protulit
899 1555 907 1576 :
925 1557 941 1577 «
958 1547 1034 1578 Non
1053 1547 1152 1578 credo
1166 1547 1257 1587 quod
1273 1547 1399 1587 aliquis
1415 1546 1519 1578 frater
1536 1547 1656 1578 debeat
1672 1547 1822 1586 recipere
1842 1546 2069 1579 obedientiam
2083 1546 2151 1578 sibi
2166 1555 2227 1587 per
2241 1546 2352 1587 inqui-

744 1601 882 1632 sitorem
899 1601 1108 1640 impositam,
1127 1600 1193 1631 nisi
1207 1602 1247 1631 de
1267 1601 1320 1631 sui
1339 1600 1471 1640 praelati
1487 1600 1625 1631 licentia
1641 1600 1782 1640 speciali
1799 1610 1827 1631 ».
1842 1601 1985 1641 Propter
2001 1609 2076 1641 quae
2089 1600 2194 1632 verba
2207 1600 2352 1641 inquisi-

742 1657 794 1686 tor
814 1654 976 1694 praefatus
997 1654 1095 1684 illum
1115 1654 1156 1685 ab
1181 1654 1290 1685 officio
1308 1654 1480 1693 prioratus
1499 1653 1651 1693 ejusdem
1671 1662 1766 1684 conv.
1784 1653 1942 1690 absolvit,
1966 1654 2058 1685 omni
2078 1654 2190 1694 ipsius
2206 1654 2279 1686 ord.
2297 1663 2349 1686 ac-

742 1708 834 1739 tione
849 1707 995 1747 privavit
1011 1709 1043 1738 et
1058 1708 1100 1738 ad
1113 1708 1304 1738 extremum
1320 1715 1358 1737 ac
1371 1707 1591 1738 humiliorem
1608 1708 1824 1744 conventum,
1841 1707 2009 1738 dictorum
2023 1707 2094 1738 ord.
2111 1709 2145 1739 et
2154 1707 2351 1747 provinciae,

742 1762 917 1800 relegavit,
931 1761 1009 1791 licet
1025 1761 1155 1792 nullam
1169 1761 1307 1791 haberet
1323 1769 1426 1799 super
1442 1760 1505 1791 hoc
1519 1761 1719 1800 potestatem
1734 1769 1776 1791 ex
1793 1761 1973 1800 privilegio
1991 1761 2190 1801 apostolico,
2202 1762 2235 1792 et
2252 1762 2353 1801 prout

742 1815 778 1845 in
795 1814 904 1846 tribus
920 1814 1081 1853 capitulis
1096 1813 1314 1854 generalibus
1334 1822 1394 1853 per
1414 1814 1596 1845 Hervaeum
1613 1815 1645 1845 et
1661 1813 1864 1851 Barnabam,
1886 1822 1973 1854 mag.
1991 1814 2103 1854 ipsius
2118 1814 2204 1852 ord„
2221 1823 2352 1847 succes·

742 1869 825 1904 sive,
848 1870 880 1898 et
898 1877 958 1907 per
980 1867 1187 1898 diffinitores
1203 1876 1240 1898 ac
1261 1867 1486 1907 inquisitores
1505 1866 1546 1897 ab
1572 1867 1658 1907 ipsis
1675 1875 1778 1907 super
1793 1867 1856 1898 hoc
1871 1867 2054 1907 deputatos
2074 1867 2189 1899 extitit
2203 1867 2353 1899 declara-

741 1923 824 1953 tum.
845 1921 896 1961 (A.
914 1922 964 1955 30,
984 1921 1006 1952 f.
1025 1923 1081 1951 271
1100 1920 1130 1957 b,
1155 1921 1190 1952 V.
1208 1922 1259 1955 86,
1277 1930 1329 1960 ep.
1350 1922 1457 1960 1632.)
2101 1937 2103 1939 -

451 1975 488 2004 Ut
514 1983 539 2004 s.
787 1972 924 2004 40619.
941 1992 979 1996 —
1002 1974 1139 2006 Guidoni
1153 1973 1190 2004 de
1215 1974 1300 2010 Vers,
1321 1984 1389 2005 can.
1411 1979 1571 2005 monast-5.
1589 1973 1720 2004 Martini
1734 1973 1772 2004 de
1790 1973 1932 2005 Gemellis
1955 1974 2154 2011 Ambianen„
2180 1974 2214 2006 0.
2241 1973 2276 2006 S.
2296 1974 2351 2012 A„

436 2021 466 2047 T·
488 2021 569 2047 XXX·
742 2028 893 2068 dispens.
911 2037 1014 2067 super
1030 2028 1279 2067 irregularitate
1295 2029 1467 2058 contracta
1483 2036 1526 2059 ex
1541 2036 1581 2059 eo
1602 2028 1704 2067 quod,
1725 2027 1936 2067 professione
1958 2028 2086 2059 dudum
2100 2036 2161 2068 per
2181 2030 2294 2068 ipsum
2315 2028 2352 2059 in

742 2082 859 2113 eodem
877 2083 1023 2112 monast.
1041 2081 1140 2118 facta,
1157 2081 1191 2111 in
1209 2081 1409 2112 diaconatus
1425 2081 1497 2112 ord.
1517 2081 1733 2117 constitutus,
1753 2081 1794 2112 ad
1814 2081 1975 2112 saeculum
1992 2082 2152 2117 evolavit,
2167 2083 2282 2114 vestes
2298 2090 2350 2112 ar-

742 2135 863 2175 migeri
878 2135 1026 2174 sumpsit
1044 2137 1074 2166 et
1089 2135 1210 2165 ultimo
1225 2134 1393 2174 supplicio
1407 2135 1631 2173 quorumdam
1648 2134 1918 2172 malefactorum,
1936 2135 1976 2166 de
1992 2135 2151 2166 mandato
2167 2135 2351 2166 comitissae

742 2189 952 2223 Atrebatem,
971 2189 1136 2219 interfuit.
1155 2187 1207 2227 (Α.
1223 2189 1275 2224 30,
1295 2187 1318 2218 f.
1335 2189 1395 2219 345
1410 2187 1441 2223 ¹³;
1468 2185 1503 2218 V.
1522 2188 1574 2225 86,
1590 2196 1643 2227 ep.
1661 2187 1766 2226 1754.)

455 2242 493 2270 Ut
513 2251 537 2271 s.
787 2239 923 2270 40620.
942 2259 979 2264 —-
993 2241 1130 2282 Faydito
1145 2241 1355 2272 Guiraudonis
1371 2240 1516 2280 archipr.
1535 2240 1890 2281 archipresbyteratus
1905 2242 1944 2272 de
1962 2241 2169 2277 Sarladesio,
2183 2241 2350 2273 Sarlaten.

399 2287 430 2314 Τ·
446 2287 505 2319 ΧΠ,
522 2288 591 2314 XIV·
742 2296 802 2332 di.,
819 2295 1016 2335 indulgetur
1032 2296 1079 2331 ut,
1102 2303 1208 2334 usque
1227 2295 1267 2325 ad
1287 2294 1487 2331 triennium,
1504 2295 1604 2334 Papae
1628 2294 1801 2334 obsequiis
1819 2294 1873 2325 vel
1895 2294 2084 2326 scolasticis
2105 2294 2299 2334 disciplinis
2316 2296 2352 2326 in

742 2349 814 2380 loeo
831 2349 889 2380 ubi
910 2349 1061 2380 studium
1078 2349 1189 2388 vigeat
1203 2348 1359 2387 generale
1382 2348 1559 2384 insistens,
1575 2351 1632 2378 aut
1649 2347 1683 2378 in
1699 2347 1806 2378 altero
1822 2348 1935 2379 benef.
1956 2356 2097 2379 suorum
2114 2348 2278 2386 residens,
2297 2348 2352 2380 vel

742 2403 777 2433 in
793 2403 947 2434 Romana
965 2402 1059 2432 curia
1076 2410 1206 2432 moram
1223 2402 1372 2438 trahens,
1391 2401 1521 2432 fructus
1538 2402 1734 2432 eorumdem
1750 2400 1860 2432 benef.
1881 2401 2011 2441 integre
2029 2401 2205 2441 percipiat.
2223 2420 2260 2424 ——
2275 2402 2303 2433 Ι.
2318 2410 2349 2434 e.

742 2465 786 2487 m.
807 2455 937 2486 cantori
951 2455 990 2486 de
1012 2455 1152 2490 Vicano‚
1175 2455 1351 2486 Caturcen.
1373 2455 1432 2490 di.,
1451 2456 1483 2485 et
1500 2455 1688 2486 Bertrando
1707 2455 1748 2485 de
1763 2454 1990 2492 Claromonte,
2009 2464 2082 2485 can.
2100 2455 2347 2495 Petragoricen.

742 2509 837 2546 ech,
853 2518 890 2539 ac
906 2508 1043 2539 officiali
1057 2508 1222 2539 Sarlaten.
1238 2508 1291 2547 (A.
1308 2510 1358 2544 30,
1376 2508 1398 2538 f.
1418 2509 1476 2538 451
1495 2513 1524 2544 3;
1545 2508 1581 2539 V.
1601 2509 1652 2544 87,
1668 2517 1719 2547 ep.
1738 2509 1846 2547 2104.)

460 2561 497 2589 Ut
517 2570 540 2589 s.
787 2559 926 2591 40621.
945 2579 982 2584 —
1007 2561 1120 2591 Abbati
1139 2566 1270 2592 monast.
1289 2571 1314 2591 s.
1334 2561 1497 2591 Humberti
1520 2561 1716 2596 Maricolen„
1744 2560 1778 2592 0.
1798 2561 1833 2592 S.
1861 2561 1912 2598 B.,
1933 2561 2132 2593 Cameracen.
2156 2561 2215 2599 di.,
2235 2561 2350 2593 mand.

424 2606 454 2633 T·
474 2607 571 2634 XXW·
742 2617 909 2655 quatenus
925 2616 1100 2655 dispenset
1115 2615 1304 2646 Gerardum
1323 2615 1450 2645 dictum
1468 2615 1508 2645 de
1531 2623 1558 2646 s.
1576 2615 1738 2652 Vedasto,
1760 2615 1813 2645 sui
1829 2617 1974 2646 monast.
1993 2624 2098 2653 mon.,
2121 2616 2158 2646 ut
2174 2615 2216 2645 ad
2233 2623 2350 2646 omnes

742 2669 878 2700 ordines
895 2668 1088 2708 promoveri
1102 2669 1134 2699 et
1151 2669 1185 2698 in
1202 2668 1289 2707 ipsis
1304 2668 1501 2699 ministrare
1518 2668 1638 2704 valeat,
1654 2677 1722 2699 non
1737 2668 1823 2699 obst.
1845 2668 1935 2708 quod
1950 2668 2036 2708 ipse,
2054 2669 2132 2699 dum
2149 2668 2184 2699 in
2199 2673 2257 2699 xv⁰
2273 2669 2350 2699 aeta-

742 2723 787 2753 tis
804 2731 873 2753 suae
893 2731 980 2753 anno
1000 2722 1207 2752 constitutus
1224 2722 1398 2759 existeret,
1415 2731 1483 2753 una
1501 2730 1577 2752 cum
1601 2721 1806 2761 quibusdam
1823 2722 1895 2752 suis
1910 2721 2162 2753 commonachis
2186 2722 2228 2752 ad
2246 2722 2351 2761 quod-

741 2776 818 2806 dam
835 2775 1050 2812 viridarium,
1070 2774 1173 2806 situm
1195 2775 1284 2806 infra
1300 2777 1395 2814 septa
1415 2775 1526 2814 ipsius
1542 2774 1752 2812 monasterii,
1770 2775 1812 2806 ad
1827 2775 1917 2814 quod
1935 2774 2078 2815 juvenes
2102 2775 2257 2806 monachi
2273 2776 2351 2814 post

741 2830 912 2860 scolarum
928 2829 1058 2859 exitum
1074 2837 1178 2859 causa
1199 2829 1420 2859 recreationis
1436 2829 1485 2859 ire
1502 2829 1534 2859 et
1551 2829 1592 2859 ad
1616 2828 1797 2868 quemdam
1814 2828 1945 2864 ludum,
1972 2838 1987 2858 «
2008 2828 2114 2859 Ansel
2134 2838 2149 2858 »
2169 2828 2352 2868 vulgariter

740 2884 984 2923 nuncupatum,
1001 2882 1118 2912 ludere
1135 2883 1391 2917 consueverant,
1410 2882 1563 2920 accessit,
1582 2883 1613 2912 et
1631 2875 1795 2921 cumipse
1811 2883 1844 2912 et
1860 2882 1917 2912 alii
1934 2881 2089 2912 monachi
2105 2882 2147 2912 ad
2161 2881 2280 2912 ludum
2298 2881 2348 2920 ip-

741 2945 818 2967 sum
834 2936 1065 2973 conluderent,
1081 2937 1113 2966 et
1130 2935 1315 2974 quamdam
1332 2935 1438 2975 pilam
1453 2943 1530 2966 cum
1547 2935 1693 2974 quodam
1708 2934 1830 2966 baculo
1843 2936 2018 2974 percutere
2033 2934 2148 2972 vellet,
2167 2935 2347 2974 quemdam

740 2998 884 3029 puerum
901 2990 991 3020 retro
1006 2990 1163 3024 stantem,
1181 2997 1281 3028 quem
1306 2989 1447 3019 minime
1463 2988 1611 3026 videbat,
1628 2988 1662 3018 in
1686 2988 1797 3019 fronte
1819 2989 1999 3028 percussit,
2014 2988 2154 3028 ipseque
2171 2996 2255 3027 puer
2273 2989 2350 3027 post

741 3052 865 3083 paucos
889 3043 962 3074 dies
987 3051 1029 3074 ex
1056 3043 1273 3082 percussione
1298 3042 1493 3082 hujusmodi
1519 3042 1698 3081 expiravit.
1725 3042 1937 3081 Quapropter
1959 3042 2003 3072 id.
2033 3041 2204 3073 Gerar-dus
2226 3041 2348 3072 Sedem
