2560 3476
330 314 390 345 276

360 403 464 430 Datum
482 395 665 430 Avem’one.

392 609 433 637 26
449 609 516 637 maii
534 608 622 636 1328.

392 656 447 682 (vu
467 653 527 681 kal.
544 651 622 689 jun.)

484 697 530 724 Gr.

412 875 447 902 Ut
465 883 487 901 s.
506 890 539 894 —
556 875 601 902 Gr.

410 1196 446 1224 Ut
463 1204 485 1223 s.
504 1212 538 1216 —
557 1197 603 1224 Gr.

411 1732 447 1760 Ut
463 1741 486 1760 s.
509 1748 543 1752 —
557 1733 603 1760 Gr.

465 1999 500 2027 Ut
520 2008 544 2027 S.

411 2044 442 2073 T.
460 2044 505 2077 XI,
519 2045 592 2074 XIII.

460 2215 497 2242 Ut
514 2224 536 2242 s.

410 2259 440 2287 T.
458 2260 504 2294 XI,
520 2260 591 2288 XIII.

461 2376 498 2404 Ut
514 2384 537 2403 s.

410 2420 440 2447 T.
457 2421 503 2454 XI,
514 2421 586 2448 XIII.

382 2535 421 2565 27
436 2538 504 2565 mah·
521 2538 534 2565 Ι
540 2537 610 2568 328.

391 2582 435 2619 (vr
451 2582 510 2610 kal.
525 2582 602 2619 jun.)

432 2628 462 2654 Τ.
480 2627 558 2655 1V¹¹.

455 2753 492 2781 Ut
509 2762 533 2780 s.

420 2798 452 2826 T.
469 2797 560 2825 VI¹¹V¹

432 3005 434 3008 Υ
458 2966 495 2998 Ut,
514 2975 540 2996 s.

430 3010 461 3038 T.
478 3011 562 3039 XXII.

2185 0 2188 2 ’
2210 0 2215 6 ›·
2226 0 2304 19 *yvuqvxyu

2316 30 2319 31 ⁷
2374 43 2379 47 .
2490 35 2524 56 '*‘·„

2555 226 2560 246 ¹.

2556 282 2560 292 ι

2555 307 2560 316 ⁴

734 306 907 339 JOANNIS
931 305 1050 337 PAPAE
1071 304 1174 335 XXII.
1199 306 1449 343 (1316-1334).
1470 321 1511 328 —
1532 303 1720 335 LITTERAE
1739 303 1968 337 COMMUNES

756 500 848 531 tione
865 508 907 531 ex
922 508 960 531 eo
977 499 1114 530 incursa
1129 498 1210 538 quia
1226 498 1343 529 contra
1362 496 1628 538 prohibitionem
1643 497 1676 529 S.
1694 498 1735 529 A.
1753 497 1788 529 in
1804 497 2048 531 Alexandriam
2065 498 2116 531 ire
2132 501 2361 542 praesumpsit.

754 553 807 593 (Α.
821 555 871 590 30,
894 552 917 585 f.
932 553 991 584 385
1005 557 1033 589 ¹3
1057 551 1089 582 V.
1107 552 1158 589 86,
1176 560 1229 591 ep.
1246 552 1352 590 1867.)

798 603 936 635 41386.
955 624 994 629 —-
1010 605 1182 647 Archiep.0
1201 604 1352 645 capuano
1370 604 1483 636 mand.
1503 605 1540 635 ut
1557 613 1634 644 ep.o
1655 605 1689 636 et
1711 603 1874 636 fratribus
1890 605 2096 646 supradictis
2109 606 2253 647 justitiae
2268 617 2361 640 com-

753 660 964 699 plementum
981 659 1140 691 exhibeat
1154 660 1272 690 contra
1286 659 1452 690 Joannem
1470 658 1562 694 saut,
1582 658 1690 689 civem
1705 658 1842 697 Isclan.,
1861 659 1920 699 qui
1936 668 2013 691 cum
2029 659 2234 700 quibusdam
2253 662 2362 703 galeis

752 713 794 744 ad
810 714 923 753 partes
938 713 1016 744 illas
1036 713 1199 745 accedens
1215 713 1266 744 eis
1281 714 1314 743 et
1329 720 1447 743 eorum
1471 711 1623 743 ecclesiae
1649 711 1757 743 multa
1783 712 1900 744 intulit
1918 713 2042 745 damna
2063 714 2240 755 multaque
2257 714 2358 755 bona,

752 775 826 806 quae
843 776 902 806 per
918 775 1011 798 mare
1026 775 1088 806 pro
1104 774 1222 798 eorum
1240 765 1486 797 sustentatione
1507 765 1548 796 de
1569 765 1676 797 cretae
1695 765 1810 796 insula
1831 765 2064 806 portabantur,
2091 767 2220 799 eisdem
2236 768 2361 801 exinde

751 820 892 852 abstulit
906 820 1072 852 violenter
1086 821 1118 851 et
1136 828 1251 852 secum
1267 819 1424 860 nequiter
1439 819 1638 859 asportavit.
1656 818 1709 858 (Α.
1728 821 1780 856 30,
1798 819 1822 851 f.
1842 820 1903 851 385
1917 825 1947 856 ⁸3
1968 819 2006 851 V.
2020 821 2073 858 86,
2091 829 2146 861 ep.
2163 822 2273 862 1868.)

797 871 934 903 41387.
955 892 992 897 -—
1010 874 1099 915 Ep.o
1117 872 1319 907 Archadien„
1339 877 1366 903 el
1382 873 1488 914 priori
1501 871 1536 903 S.
1553 872 1596 903 M.
1621 873 1653 903 in
1675 872 1932 913 Buryocandido,
1945 883 1981 904 ac
1993 874 2174 915 primicer-io
2188 874 2322 907 ecclesiae
2335 886 2360 908 ε.

752 928 852 959 Marci
867 927 903 958 de
919 927 1063 959 Candida
1080 927 1202 959 Creten.
1221 927 1333 958 mand.
1352 927 1389 957 ut
1411 935 1485 966 ep.o
1503 927 1536 957 et
1553 925 1716 958 fratribus
1731 926 1903 966 praedictis
1917 926 2057 968 justitiae
2075 928 2362 968 complementum

753 981 934 1013 exhibeant
948 983 1065 1013 contra
1081 981 1160 1012 illos
1177 981 1234 1021 qui
1252 980 1503 1020 possessioneS,
1516 980 1558 1011 ad
1573 979 1669 1020 ipsos
1686 981 1718 1010 et
1734 980 1889 1020 ipsorum
1906 981 2086 1012 eeclesiam
2103 982 2315 1022 pertinentes
2329 983 2364 1014 et

753 1035 788 1066 in
804 1035 919 1066 insula
934 1036 1040 1067 Cretae
1056 1035 1295 1071 consistentes,
1313 1033 1377 1065 sub
1393 1042 1504 1065 annuo
1529 1034 1662 1064 redditu
1685 1034 1758 1064 sive
1774 1042 1877 1065 censu
1902 1034 2032 1066 eisdem
2056 1034 2184 1067 locatas
2200 1036 2366 1074 detinent,

754 1089 880 1131 quique
897 1088 1093 1129 huJ'usmodi
1111 1088 1281 1120 redditum
1299 1088 1370 1120 sive
1397 1096 1536 1119 censum
1559 1087 1610 1118 eis
1633 1087 1766 1120 solvere
1794 1087 1946 1120 indebite
1972 1088 2219 1122 contradicunt.
2237 1089 2292 1131 (A.
2310 1091 2364 1126 30,

754 1143 777 1174 f.
798 1144 859 1174 385
875 1142 904 1178 b;
929 1142 961 1172 V.
979 1143 1029 1179 86,
1049 1151 1101 1182 ep.
1121 1143 1225 1180 1869.)

799 1193 937 1225 41388.
956 1214 996 1219 -
1011 1196 1105 1226 Petro
1121 1195 1159 1226 de
1171 1196 1291 1233 Mauso,
1310 1205 1377 1226 can.
1395 1195 1567 1231 Nimsien„
1585 1199 1615 1225 et
1634 1194 1778 1225 Arnaldo
1795 1194 1832 1225 de
1848 1188 1972 1236 Far-qis,
1992 1195 2025 1226 0.
2043 1195 2096 1234 Ρ.,
2113 1196 2147 1227 in
2160 1205 2255 1238 reqno
2275 1196 2367 1238 Cipri

754 1250 851 1291 Papa>
865 1254 893 1280 et
910 1250 948 1281 A.
969 1249 1002 1280 S.
1026 1249 1155 1287 nuntiis,
1174 1249 1288 1280 mand.
1305 1249 1342 1280 ut
1358 1257 1433 1288 ep.o
1448 1250 1481 1279 et
1498 1248 1662 1280 fratribus
1680 1248 1886 1288 supradictis
1903 1249 2087 1281 concedant
2104 1249 2141 1281 in
2157 1251 2364 1290 perpetuum

753 1304 931 1336 ecclesiam
948 1303 980 1334 S.
1001 1303 1046 1334 M.
1064 1303 1105 1334 de
1121 1303 1264 1340 Lacava,
1285 1302 1385 1333 sitam
1402 1310 1505 1342 prope
1523 1301 1696 1333 civitatem
1711 1302 2010 1343 Famagustanam,
2027 1311 2102 1343 quae
2117 1303 2158 1335 de
2175 1303 2264 1335 facto
2280 1304 2364 1336 deti-

753 1358 827 1389 neri
842 1357 967 1388 dicitur
983 1358 1157 1396 occupata,
1177 1364 1282 1396 prope
1303 1364 1405 1396 quam
1425 1355 1619 1387 desiderant
1643 1356 1890 1387 monasterium
1915 1356 1950 1387 in
1973 1356 2138 1388 honorem
2154 1357 2192 1389 B.
2214 1357 2260 1389 M.
2274 1357 2318 1390 V.
2333 1359 2368 1391 et

754 1420 781 1442 s.
803 1410 991 1442 Catherinae
1007 1410 1214 1445 construere,
1233 1418 1270 1440 ac
1286 1409 1320 1440 in
1339 1409 1457 1440 eadem
1473 1409 1618 1440 ecclesia
1632 1408 1748 1440 divina
1768 1409 1880 1440 officia
1895 1409 2079 1446 celebrare,
2094 1410 2195 1442 multi
2213 1410 2306 1442 enim
2321 1419 2366 1443 ex

752 1464 839 1504 ipsis
856 1463 1031 1501 fratribus,
1050 1463 1084 1494 in
1103 1471 1205 1503 regno
1222 1463 1315 1503 Cipri
1334 1461 1546 1494 orationibus
1565 1462 1775 1499 insistentes,
1790 1462 1945 1494 habitant
1958 1463 1993 1494 in
2010 1463 2135 1495 eremis
2152 1465 2186 1495 et
2199 1464 2365 1502 desertis;

752 1518 935 1550 dummodo
952 1517 992 1548 de
1008 1517 1124 1549 valore
1142 1516 1335 1548 reddituum
1350 1516 1503 1557 eJusdem
1519 1516 1668 1547 ecclesiae
1683 1517 1716 1547 et
1732 1516 1773 1547 ad
1790 1525 1888 1556 quem
1905 1517 1958 1548 vel
1976 1517 2018 1548 ad
2033 1526 2120 1557 quos
2133 1517 2286 1556 collatio,
2298 1517 2366 1550 ins-

751 1572 865 1604 titutio
883 1571 936 1602 vel
953 1571 1027 1611 ejus
1043 1570 1260 1611 praesentatio
1277 1570 1423 1610 pertinet
1435 1570 1634 1609 diligentius
1651 1569 1838 1605 informati,
1855 1579 2043 1602 consensus
2063 1579 2193 1609 eorum,
2221 1571 2263 1603 ad
2277 1580 2364 1612 quos

751 1626 862 1665 ipsius
879 1625 1031 1656 ecclesiae
1045 1624 1180 1655 collatio
1197 1632 1258 1655 seu
1281 1623 1498 1663 praesentatio
1523 1623 1681 1663 pertinet,
1706 1624 1939 1656 concurrerint
1963 1624 1998 1655 in
2020 1624 2223 1664 praemissis.
2241 1625 2294 1664 (A.
2311 1627 2363 1662 30,

751 1679 774 1710 f.
793 1680 853 1710 385
868 1678 898 1714 ¹¹3
922 1678 956 1709 V.
972 1680 1024 1714 86,
1045 1687 1096 1718 ep.
1115 1678 1220 1716 1870.)

796 1729 935 1761 41389.
959 1749 997 1755 —
1013 1730 1152 1771 Huqoni,
1171 1731 1238 1771 reqi
1253 1730 1365 1772 {Cipri,
1384 1729 1498 1761 mand.
1519 1731 1554 1761 ut
1572 1738 1648 1768 ep.o
1663 1731 1696 1761 et
1712 1730 1877 1761 fratribus
1897 1730 1969 1770 ,iam
1993 1731 2095 1762 dictis
2111 1732 2246 1763 restitui
2263 1732 2366 1764 faciat

750 1786 920 1816 redditum
939 1785 1042 1815 unius
1056 1779 1152 1815 librae
1169 1784 1243 1815 auri
1259 1792 1373 1824 quem,
1398 1792 1440 1814 ex
1461 1783 1602 1823 antiqua
1622 1783 1840 1814 concessione
1858 1792 1975 1823 regum
1992 1784 2097 1824 Cipri,
2115 1787 2365 1819 consueverunt

750 1839 790 1870 de
808 1837 1031 1878 proventibus
1048 1837 1153 1877 regiis
1168 1837 1317 1868 civitatis
1334 1837 1593 1876 Famagustanae
1607 1837 1778 1876 percipere
1797 1837 1985 1873 annuatim,
2002 1839 2035 1869 et
2051 1846 2152 1878 quem
2172 1839 2224 1871 eis
2237 1839 2364 1880 praede-

749 1900 902 1923 cessores
920 1892 1031 1932 ipsius
1047 1891 1203 1931 Hugonis
1217 1891 1250 1922 et
1263 1890 1338 1930 ipse
1352 1890 1468 1927 etiam,
1486 1899 1504 1921 a
1518 1892 1671 1930 tempore
1686 1899 1753 1931 quo
1767 1892 1857 1922 terra
1879 1891 2001 1922 Sancta
2025 1900 2046 1922 a
2061 1891 2258 1924 sarracenis
2276 1893 2363 1926 exti-

747 1947 789 1977 tit
804 1946 977 1985 occupata,
997 1944 1251 1976 subtraxerunt.
1271 1943 1324 1983 (A.
1342 1945 1394 1981 30,
1414 1943 1437 1975 f.
1460 1945 1519 1975 386
1537 1949 1565 1980 ⁸5
1591 1943 1622 1974 V.
1641 1945 1693 1981 86,
1712 1953 1763 1984 ep.
1783 1945 1886 1983 1871.)

792 1996 930 2028 41390.
947 2017 988 2021 -
1003 1998 1137 2030 Roberto
1154 1997 1326 2035 Comitum,
1343 1997 1445 2038 presb.
1472 1997 1578 2028 Riven.
1599 1997 1657 2037 det,
1675 1998 1784 2038 gratia
1799 2006 1896 2038 exsp.
1920 1997 2034 2029 benef.
2052 1999 2095 2039 (c.
2111 2008 2140 2034 c.
2158 2000 2198 2030 70
2212 1999 2267 2031 vel
2284 2007 2314 2032 s.
2330 2008 2359 2032 c.

746 2055 786 2085 40
801 2053 824 2084 I.
839 2054 864 2084 t.
881 2061 947 2084 sec.
966 2054 1037 2084 tax.
1056 2053 1154 2091 dee),
1173 2051 1297 2092 pertin.
1319 2052 1360 2082 ad
1376 2051 1488 2083 collat.
1515 2051 1584 2090 ep.i
1611 2051 1734 2083 Riven.
1754 2068 1793 2073 —-
1810 2052 1837 2083 I.
1857 2060 1885 2083 e.
1907 2060 1952 2084 m.
1971 2051 2077 2092 priori
2094 2052 2134 2084 de
2150 2053 2262 2085 Sertis
2277 2053 2360 2085 Las-

746 2116 895 2145 cur1¹en.,
914 2108 945 2138 et
962 2106 1215 2146 Transligeren.
1234 2106 1466 2146 Andegaven.‚
1485 2114 1524 2137 ac
1539 2105 1579 2136 de
1596 2105 1760 2137 Pardiaco
1779 2105 1940 2137 Auxitan.
1961 2105 2123 2138 archid.is
2137 2106 2219 2138 eccl.
2237 2106 2291 2147 (A.
2306 2108 2361 2145 30,

746 2161 770 2193 f.
787 2162 846 2193 518
861 2166 888 2198 ⁸¹3
908 2161 944 2194 V.
960 2162 1010 2198 87,
1028 2169 1080 2200 ep.
1097 2159 1206 2200 2008.)

790 2212 912 2244 41391
923 2237 930 2245 ,
949 2232 988 2239 -
1005 2213 1186 2255 Bodgdpho,
1202 2217 1275 2244 nato
1293 2212 1408 2244 Gratiae
1424 2212 1460 2243 de
1474 2212 1626 2249 Floram,
1644 2213 1796 2252 provisio
1810 2221 1928 2244 canon.
1945 2213 2009 2244 sub
2023 2222 2118 2254 exsp.
2135 2213 2240 2254 praeb.
2256 2215 2361 2247 ecele-

745 2270 804 2301 siae
822 2268 999 2300 Faventin.
1022 2285 1059 2290 --
1074 2267 1099 2299 I.
1114 2276 1142 2299 e.
1160 2275 1203 2298 m.
1218 2267 1258 2298 de
1273 2267 1436 2298 Citanova
1455 2267 1488 2297 et
1504 2266 1544 2298 de
1563 2266 1720 2306 Bajoaria
1735 2265 1888 2306 plebium
1904 2266 2095 2307 archipr-is,
2112 2267 2278 2299 Mutinen.
2296 2267 2359 2305 di.²

745 2332 782 2354 ac
798 2322 977 2354 scolastico
995 2321 1075 2354 eccl.
1091 2321 1226 2353 Tullen.
1244 2319 1296 2359 (A.
1314 2321 1364 2358 31,
1384 2320 1406 2351 f.
1423 2321 1485 2351 252
1502 2325 1530 2357 ὃ,
1556 2319 1587 2351 V.
1605 2320 1656 2358 88,
1676 2328 1728 2359 ep.
1748 2321 1856 2359 3229.)

789 2373 929 2405 41392.
946 2393 983 2398 -
999 2374 1194 2412 Geminiano,
1211 2378 1286 2404 nato
1306 2373 1483 2405 Alexandri
1509 2372 1546 2403 de
1562 2373 1715 2414 Laporta,
1742 2383 1811 2405 can.
1838 2373 1911 2405 eccl.
1935 2383 1989 2406 sus.
2012 2373 2128 2405 Senisii
2148 2378 2178 2405 et
2196 2373 2360 2417 Teoponpi

743 2429 781 2460 de
800 2429 1019 2466 Castroveteri,
1037 2427 1189 2459 Mutinen.
1206 2427 1263 2464 di„
1279 2435 1375 2467 prov.
1393 2435 1511 2458 canon.
1532 2426 1595 2457 sub
1611 2435 1706 2466 exsp.
1724 2427 1827 2467 praeb.
1848 2427 1929 2459 eccl.
1946 2427 2139 2459 Ferrarien.
2155 2445 2197 2451 -—
2213 2427 2239 2460 Ι.
2257 2437 2286 2460 e.
2307 2437 2353 2461 m.

744 2485 780 2515 ut
798 2493 826 2515 s.
841 2493 875 2515 n.
893 2485 1007 2515 41363.
1027 2483 1078 2521 (Α.
1097 2483 1148 2520 31,
1162 2481 1185 2512 f.
1202 2482 1263 2512 314
1278 2486 1306 2518 ἃ,
1330 2480 1366 2512 V.
1383 2481 1434 2518 88,
1456 2489 1509 2521 ep.
1522 2481 1629 2519 3253.)
1908 2511 1914 2517 ‚

787 2534 926 2568 41393.
947 2554 986 2560 -—
1000 2536 1151 2577 Ruffi'nus
1164 2535 1240 2566 Rati
1252 2534 1287 2566 de
1299 2534 1521 2576 Oppizonibus,
1536 2544 1619 2565 mon.
1633 2538 1766 2567 monast.
1781 2543 1807 2566 s.
1825 2534 1981 2566 Marciani
1995 2533 2023 2565 Τ
2020 2533 2180 2573 ενᾶοηεη.,
2198 2535 2232 2566 0.
2249 2535 2284 2568 S.
2300 2535 2354 2574 B„

742 2591 779 2623 fit
795 2591 900 2623 abbas
912 2590 1153 2622 monasteriis.
1168 2589 1263 2621 Petri
1277 2588 1318 2620 de
1334 2587 1550 2628 Per-cipiano,
1566 2588 1649 2619 dicti
1665 2588 1752 2624 ord.,
1768 2588 1960 2620 Terdonen.
1977 2587 2037 2626 di„
2050 2597 2122 2620 vac.
2139 2597 2200 2629 per
2211 2589 2355 2621 transla-
2378 2593 2380 2595 ’

740 2646 869 2677 tionem
887 2644 1056 2676 Bonifacii
1073 2644 1114 2675 ad
1131 2642 1310 2685 praefatum
1323 2641 1568 2675 monasterium
1586 2650 1613 2674 s.
1633 2641 1810 2673 Marciani.
1826 2658 1864 2664 -
1879 2641 1906 2673 I.
1926 2650 1956 2673 e.
1975 2650 2019 2673 m.
2037 2650 2133 2673 conv.
2146 2643 2178 2674 et
2190 2643 2353 2675 vassallis

741 2699 823 2732 dicti
838 2699 984 2730 monast.
1003 2707 1031 2729 s.
1048 2697 1160 2735 Petri;
1177 2705 1254 2737 ep.o
1270 2695 1494 2728 Terdonensi.
1514 2695 1567 2736 (Α.
1585 2697 1637 2733 31,
1656 2695 1678 2727 f.
1701 2697 1758 2727 116
1774 2700 1807 2732 ·;
1831 2695 1868 2727 V.
1885 2696 1937 2734 87,
1954 2704 2007 2735 ep.
2024 2696 2133 2736 2809.)

785 2749 922 2783 41394.
941 2770 980 2778 -
995 2750 1147 2792 Anyelus,
1163 2760 1263 2792 praep.
1289 2749 1362 2781 eccl.
1386 2750 1614 2787 Ravennatem,
1630 2749 1725 2787 diac„
1741 2749 1780 2780 fit
1793 2757 1892 2789 ep.us
1911 2749 1993 2781 eccl.
2018 2750 2229 2788 castellanae,
2249 2759 2353 2791 quam

739 2808 815 2847 post
831 2806 1056 2847 privationem
1071 2804 1201 2843 Jscohi,
1218 2804 1361 2837 fautoris
1378 2803 1544 2835 Ludovici
1559 2803 1600 2834 de
1614 2803 1771 2838 Ravana,
1789 2803 1900 2835 eidem
1914 2803 2050 2843 *Angelo
2073 2803 2166 2843 Papa
2182 2812 2352 2836 commen-

740 2861 888 2894 daverat.
904 2877 944 2885 --
959 2860 986 2893 1.
1003 2868 1032 2893 e.
1053 2868 1099 2891 m.
1116 2858 1218 2899 capit.
1231 2859 1269 2890 ret
1293 2857 1457 2890 vassallis
1471 2857 1553 2890 eccl.
1583 2856 1768 2889 castellan.
1782 2867 1789 2895 ;
1816 2856 1908 2890 clero
1924 2858 1957 2888 et
1975 2857 2102 2897 populo
2118 2857 2211 2889 civit.
2229 2858 2263 2889 et
2279 2857 2325 2889 di.
2338 2867 2348 2894 ;

739 2913 940 2954 patriarchae
959 2913 1107 2945 Graden.
1126 2912 1179 2953 (A.
1194 2912 1247 2950 31,
1261 2911 1284 2942 f.
1302 2912 1358 2943 191
1377 2916 1407 2950 ⁸3
1427 2910 1463 2943 V.
1482 2912 1534 2946 87,
1551 2918 1604 2951 ep.
1625 2911 1734 2950 2944.)

784 2964 921 2997 41395.
940 2984 979 2989 -
996 2965 1171 3007 Goteisredo
1187 2965 1225 2996 de
1236 2964 1381 3006 Spinulis
1397 2963 1435 2996 cle
1456 2964 1586 3001 Luculo,
1613 2963 1734 2996 archid.
1750 2964 1898 3001 Janum„
1919 2967 1948 2995 et
1963 2963 2131 2995 Francisco
2149 2962 2186 2994 de
2202 2962 2349 3002 Clavaro,

739 3020 889 3058 Saomn„
910 3030 945 3050 ac
965 3018 1098 3050 Andreae
1112 3018 1149 3049 de
1164 3017 1262 3056 Setia,
1285 3016 1441 3058 Urqellen.
1461 3027 1530 3050 can.
1551 3016 1637 3056 eccl„
1660 3018 1775 3050 mand.
1798 3019 1836 3049 ut
1855 3017 2037 3049 Francisco
2052 3016 2263 3057 Bonajuntae,
2282 3025 2350 3049 ree-
