2560 3476
233 415 336 442 Datum
369 410 551 443 Avenione.

207 677 298 710 {2(1v
318 676 467 710 id.)mart.
484 675 573 704 1328.

294 721 324 748 T.
341 721 414 754 xiii,
430 720 485 747 xv.

352 938 387 965 Ut
405 947 428 965 s.

296 982 327 1009 T.
350 982 395 1014 XI,
413 982 486 1009 xlii.

350 1151 386 1178 Ut
404 1159 427 1177 s.

317 1195 348 1222 T.
365 1195 460 1224 xxiv.

354 1471 387 1498 Ut
407 1480 432 1498 s.

325 1515 355 1542 Τ.
372 1515 454 1541 XXX.

208 2165 242 2192 m
259 2166 293 2200 (11
306 2164 365 2198 ·id.)
381 2168 463 2192 mart.
485 2165 574 2193 1328.

603 322 776 353 JOANNIS
799 322 918 353 PAPAE
939 322 1041 353 XXII.
1066 324 1314 361 (1316-1334).
1337 342 1375 346 —
1398 323 1584 354 LITTERAE
1607 322 1833 354 COMMUNES
2171 324 2230 356 201

633 530 672 536 —
688 514 726 544 In
753 522 782 544 e.
803 522 848 544 m.
869 513 982 544 abbati
1004 515 1148 545 monast.
1168 522 1196 544 s.
1213 514 1312 545 Pauli
1332 514 1372 545 de
1388 513 1491 550 Urbe,
1507 515 1540 545 et
1560 513 1708 545 Jordano
1726 514 1767 545 de
1783 514 1983 554 Columpna,
2000 514 2235 546 archidiacono

633 566 900 606 Transligeren.‚
915 567 1184 606 Andegavensis,
1201 576 1239 598 00
1253 567 1400 598 Jordano
1414 567 1454 597 de
1471 567 1577 604 Pileo,
1596 567 1813 599 Cameracen.
1831 567 1911 598 0001.
1928 568 2099 599 00000100.
2116 567 2168 606 (A.
2182 569 2234 603 31,

633 620 656 651 f.
675 621 735 651 280
751 625 780 657 *ς
806 620 842 650 V.
859 621 909 656 88,
927 629 979 659 ep.
998 621 1105 658 3161.)

679 670 816 703 40673.
831 692 868 696 -
884 673 1004 704 Joanm'
1016 673 1099 704 dicto
1111 673 1147 703 de
1162 673 1274 703 Banna
1288 673 1499 713 dispensatio
1517 673 1649 705 fructus
1661 673 1906 705 beneficiorum
1922 683 2074 710 suorum,
2094 683 2167 714 quae
2181 674 2236 705 ho-

634 727 688 757 die
713 726 807 766 Papa
823 726 891 765 ipsi
918 726 1091 757 mandavit
1108 727 1279 765 provideri
1299 728 1332 758 et
1356 727 1598 764 commendari,
1616 727 1825 767 percipiendi
1850 728 1891 758 ad
1905 727 2092 758 triennium
2108 728 2236 768 absque

633 779 831 814 residentia,
847 779 1027 810 residendo
1041 780 1077 810 in
1093 779 1207 818 aliquo
1223 780 1372 811 illorum.
1385 798 1422 802 —
1435 780 1474 810 In
1491 789 1519 810 e.
1537 789 1582 811 m.
1597 789 1625 810 s.
1642 780 1798 812 Severini
1811 782 1843 812 et
1858 789 1887 811 s.
1905 781 2044 821 Georgii
2061 781 2234 812 Colonien.

633 833 782 867 decanis,
801 841 839 863 ac
860 832 986 863 Busolo
1002 832 1042 863 de
1064 833 1198 870 Parma,
1214 841 1286 864 can.
1306 833 1531 864 Tornacensis
1546 833 1642 868 eccl..
1662 833 1728 864 PP.
1749 833 1935 873 capellano.
1953 834 2005 873 (A.
2022 836 2072 871 31,
2091 833 2112 865 f.
2129 835 2188 865 291
2205 839 2235 871 ·;

641 885 676 917 V.
692 887 743 921 88,
763 894 815 925 ep.
834 885 939 925 3196.)

678 935 815 967 40674.
835 955 873 960 -
898 937 1033 969 Henrico
1056 938 1094 969 de
1107 938 1232 970 Juliaco
1255 939 1391 970 collatio
1416 940 1510 970 motu
1532 939 1671 978 proprio
1690 948 1809 971 canon.
1828 941 1861 971 et
1878 940 1981 979 praeb.
2000 941 2080 971 eccl.
2097 940 2237 971 Fritzla-

634 992 732 1026 rien.,
753 991 938 1031 Maguntin.
957 992 1017 1027 di.,
1036 1000 1108 1022 vac.
1131 1001 1192 1031 per
1216 992 1480 1031 resignationem
1506 992 1705 1023 Theoderici
1730 993 1770 1024 de
1793 993 2014 1033 Hardenberg
2036 994 2125 1032 apud
2140 994 2173 1025 S.
2195 994 2237 1024 A.

635 1047 753 1085 sponte
770 1045 906 1076 factam.
923 1062 960 1066 —
975 1046 1002 1075 I.
1017 1053 1046 1076 e.
1062 1054 1108 1075 m.
1129 1045 1255 1076 decano
1273 1045 1522 1080 Padeburnen.,
1541 1047 1573 1076 et
1595 1054 1696 1085 praep.
1715 1055 1743 1076 s.
1760 1046 1913 1077 Severini
1929 1047 2116 1084 Colonien„
2135 1056 2172 1078 00
2188 1055 2239 1078 ar-

633 1098 720 1129 chid.
737 1098 926 1129 Nanneten.
944 1099 1025 1129 0001.
1043 1098 1095 1136 (A.
1113 1099 1163 1136 31,
1184 1098 1207 1129 f.
1226 1099 1287 1130 350
1301 1098 1330 1134 b;
1357 1098 1387 1128 V.
1398 1099 1450 1135 88,
1467 1107 1520 1138 ep.
1539 1099 1646 1137 3324.)

679 1148 813 1180 40675.
835 1169 874 1174 —-
888 1151 920 1181 E
921 1161 976 1192 p.o
992 1151 1153 1188 Nucerin„
1170 1156 1199 1181 et
1213 1151 1333 1183 archid.
1351 1151 1561 1192 Forojulien„
1579 1161 1614 1182 ac
1628 1152 1801 1182 Menaciato
1812 1152 1934 1190 Ninoli,
1951 1163 2019 1183 can.
2032 1153 2236 1186 Assisinaten.

634 1205 720 1242 eccl„
737 1205 850 1236 mand.
864 1206 901 1235 ut
912 1205 1039 1240 Paulo,
1056 1207 1135 1236 nato
1147 1205 1290 1236 Joannis
1302 1205 1392 1236 Colae
1409 1205 1649 1245 Boniscangni‚
1663 1205 1838 1237 conferant
1854 1215 1971 1237 canon.
1990 1208 2021 1238 et
2038 1206 2140 1246 praeb.
2157 1207 2238 1238 eccl.

635 1258 819 1298 Spoletan.‚
837 1267 898 1297 per
917 1257 1048 1289 obitum
1064 1258 1235 1289 Manentis
1250 1259 1291 1289 de
1306 1259 1425 1290 Trevio
1442 1267 1495 1298 ap.
1515 1259 1550 1290 S.
1566 1259 1610 1290 A.
1630 1259 1758 1298 praevia
1778 1259 1918 1299 speciali
1941 1268 2068 1290 reserv.
2087 1260 2240 1292 omnium

634 1320 752 1342 canon.
771 1312 804 1343 et
821 1311 923 1351 praeb.
939 1311 1037 1342 dictae
1054 1312 1136 1343 eccl.
1149 1321 1209 1351 per
1222 1313 1289 1343 PP.
1311 1322 1334 1343 11
1352 1312 1420 1344 kal.
1441 1321 1518 1343 nov,
1534 1321 1622 1343 anno
1640 1311 1719 1343 VII⁰
1729 1312 1817 1343 facta
1832 1322 1999 1349 vac.;non
2015 1313 2101 1344 obst.
2120 1322 2237 1344 canon.

634 1364 698 1395 sub
714 1373 810 1404 exsp.
825 1364 929 1405 praeh.
948 1374 975 1395 s.
991 1365 1134 1396 Joannis
1149 1367 1182 1396 et
1198 1374 1226 1396 S.
1244 1365 1344 1397 Pauli
1363 1365 1525 1396 Leodien.
1542 1365 1776 1402 ecclesiarum,
1795 1367 1827 1397 et
1847 1366 1990 1397 ecclesia
2004 1375 2031 1397 s.
2050 1367 2238 1406 Peregrini,

634 1427 663 1449 s,
677 1427 719 1453 0.,
735 1418 892 1449 Perusin.
907 1418 953 1449 di.
968 1418 1022 1458 (A.
1041 1420 1091 1456 31,
1111 1418 1135 1450 f.
1153 1419 1214 1450 430
1227 1418 1257 1456 b;
1282 1418 1314 1450 V.
1334 1420 1386 1456 88,
1403 1427 1455 1459 ep.
1474 1419 1580 1457 3546.)

678 1468 815 1501 40676.
829 1489 868 1494 -
879 1471 997 1502 Joanm·
1007 1471 1044 1502 de
1059 1471 1190 1509 Amelio,
1202 1471 1322 1502 archid.
1338 1471 1549 1513 Forojulien.,
1562 1473 1688 1510 rectori,
1701 1477 1730 1503 et
1744 1472 1838 1503 Petro
1851 1472 2027 1513 Maynadae,
2040 1474 2151 1504 rectori
2165 1473 2236 1506 eccl.

633 1524 671 1555 de
686 1525 806 1562 Beseto,
821 1524 1019 1566 Mirapiscen.
1033 1525 1089 1560 di.,
1103 1525 1239 1556 thesaur.
1253 1525 1383 1556 ducatus
1397 1525 1572 1566 spoletani,
1585 1527 1699 1557 mand.
1711 1527 1748 1557 ut
1757 1527 1777 1557 J
1780 1527 1881 1557 oanni
1894 1527 1984 1558 Colae
1998 1527 2237 1567 Boniscangni‚

633 1578 700 1610 civi
720 1579 897 1617 Perusino,
915 1579 1111 1617 concedant,
1130 1581 1230 1618 prout
1246 1579 1408 1619 expedire
1425 1579 1601 1618 videbunt,
1618 1580 1726 1619 podus
1741 1588 1801 1611 seu
1815 1580 1946 1616 domos,
1958 1580 2192 1620 possessiones
2207 1582 2239 1613 et

634 1633 785 1663 casalina
800 1633 835 1663 in
853 1634 964 1664 castro
977 1633 1125 1664 Bictonii
1139 1634 1171 1664 et
1191 1633 1265 1673 ejus
1277 1633 1461 1670 territorio,
1478 1633 1635 1665 Perusin.
1655 1635 1687 1664 et
1701 1634 1931 1665 Assisinaten.
1947 1634 2006 1670 di.,
2019 1635 2155 1671 situata,
2165 1643 2238 1674 quae

634 1686 758 1725 quond.
778 1686 942 1725 magister
962 1686 1158 1717 Bernardus
1179 1687 1353 1718 Rovelluti
1368 1687 1411 1718 de
1429 1688 1540 1718 castro
1558 1687 1739 1723 Mevaneae,
1756 1687 1841 1718 alias
1861 1688 1972 1718 dictus
1991 1688 2237 1727 Campanillus,

634 1739 744 1769 laicus
767 1739 983 1778 Spoletanus,
998 1741 1031 1770 et
1049 1740 1265 1779 postmodum
1292 1740 1463 1779 quondam
1489 1740 1650 1771 Tinacius
1673 1740 1845 1776 Rollandi,
1870 1741 1956 1770 civis
1979 1741 2168 1779 Tudertin.,
2196 1751 2238 1773 ex

635 1792 851 1823 concessione
870 1793 978 1831 apost.
997 1795 1074 1823 ante
1092 1793 1244 1831 ipsorum
1260 1792 1388 1823 obitum
1405 1794 1600 1831 tenuerunt,
1618 1795 1651 1824 et
1668 1794 1804 1824 demum
1822 1794 1931 1824 dictus
1944 1794 2092 1825 ε1000003
2110 1803 2152 1826 ex
2169 1795 2236 1826 dic·

635 1846 748 1875 torum
775 1845 918 1876 rectoris
938 1846 970 1876 et
984 1845 1189 1876 thesaurarii
1205 1846 1423 1877 concessione
1449 1845 1512 1876 sub
1530 1855 1642 1877 annua
1658 1847 1822 1886 pensione
1840 1848 1879 1878 30
1902 1847 1960 1877 lib.
1979 1847 2159 1879 Cortonen.
2176 1856 2237 1887 per

635 1891 751 1937 plures
765 1907 872 1929 annos
891 1898 1000 1929 tenuit
1015 1901 1048 1929 et
1063 1899 1226 1938 possedit,
1244 1899 1287 1930 ad
1304 1899 1369 1930 PP.
1386 1900 1418 1930 et
1429 1900 1472 1931 R.
1488 1899 1526 1930 E.
1546 1899 1648 1939 pleno
1663 1899 1738 1939 Jure
1757 1900 1958 1939 spectantia,
1973 1901 2027 1940 (50
2044 1901 2117 1931 flor.
2136 1902 2235 1942 auri),

634 1960 774 1991 quaeque
790 1952 862 1991 ipse
879 1952 1026 1983 Joannes
1048 1960 1108 1991 pro
1125 1952 1267 1991 aliquali
1288 1952 1601 1992 recompensatione
1622 1952 1790 1990 laborum,
1807 1962 1892 1993 quos
1912 1962 1973 1993 pro
1992 1953 2081 1984 dicta
2095 1954 2237 1986 ecclesia

634 2005 804 2036 indefesse
821 2005 998 2040 sustinuit,
1015 2005 1082 2036 sibi
1096 2007 1128 2036 et
1141 2005 1333 2036 haeredibus
1350 2006 1423 2036 suis
1436 2006 1471 2036 in
1485 2006 1736 2046 emphyteusim
1749 2008 1910 2046 perpetuo
1926 2007 1980 2038 vel
1993 2016 2100 2046 usque
2118 2008 2160 2038 ad
2170 2009 2234 2039 ter-

633 2058 717 2089 tiam
737 2067 798 2088 seu
819 2059 1017 2089 ulteriorem
1041 2059 1306 2101 generationem,
1325 2059 1388 2090 sub
1410 2061 1501 2091 certo
1527 2068 1639 2090 annuo
1663 2068 1778 2096 censu,
1795 2060 1977 2091 concedere
1995 2061 2090 2100 petit.
2109 2060 2161 2100 (A.
2182 2062 2234 2100 31,

634 2111 657 2142 f.
676 2113 737 2143 432
753 2111 783 2148 1);
810 2111 844 2142 V.
861 2113 913 2149 88,
934 2121 986 2151 ep.
1006 2113 1113 2151 3549.)

679 2161 818 2194 40677;
834 2183 873 2187 —
889 2165 992 2195 Naldo
1008 2170 1081 2196 nato
1098 2165 1196 2196 Bindi
1213 2165 1327 2196 odonis
1342 2165 1378 2196 de
1392 2166 1540 2196 Altovitis
1552 2165 1590 2196 de
1602 2166 1772 2204 Florentia,
1789 2177 1859 2198 can.
1875 2166 1929 2197 sub
1946 2177 2031 2208 exsp.
2046 2168 2142 2208 praeb.
2164 2168 2236 2199 eccl.

286 2210 317 2236 Τ·
335 2210 408 2243 X¹V›
425 2209 495 2237 xvl.
633 2217 822 2256 Florentin.,
840 2219 949 2258 gratia
971 2227 1068 2258 exsp.
1090 2219 1247 2250 beneficii
1262 2229 1289 2251 c.
1307 2219 1402 2250 c.vel
1420 2229 1447 2251 s.
1470 2229 1511 2257 c.‚
1531 2221 1666 2251 etiamsi
1682 2220 1774 2260 dign.
1796 2221 1850 2251 vel
1875 2222 2076 2259 personatus
2100 2222 2235 2257 existat,

635 2272 669 2302 in
684 2273 776 2303 civit.
794 2272 848 2303 vel
864 2272 910 2302 di.
931 2273 1132 2308 Florentin.,
1150 2273 1272 2312 pertin.
1291 2273 1332 2303 ad
1348 2273 1460 2304 collat.
1481 2274 1550 2313 ep.i
1567 2273 1772 2310 Florentini;
1793 2282 1859 2304 non
1877 2273 1963 2305 obst.
1978 2274 2110 2305 defectu
2129 2275 2237 2306 aetatis

635 2326 687 2364 <24
711 2325 792 2364 an.),
811 2334 912 2365 super
935 2335 1001 2365 quo
1018 2326 1246 2366 dispensatur.
1265 2343 1305 2349 —
1321 2327 1347 2358 I.
1370 2335 1398 2357 e.
1423 2335 1501 2358 m.s.
1517 2326 1635 2358 Jacobi
1657 2327 1746 2358 ultra
1772 2328 1904 2358 Arnum
1925 2328 2127 2365 Florentin.,
2148 2330 2180 2359 et
2196 2329 2236 2360 de

634 2379 749 2419 Fagia,
774 2379 961 2410 Florentin.
985 2379 1044 2414 di.,
1063 2379 1250 2419 prioribus,
1270 2389 1307 2410 ac
1328 2380 1468 2411 Nicolao
1493 2380 1533 2411 de
1557 2381 1718 2415 Ceccano,
1738 2389 1811 2412 can.
1831 2381 2022 2419 Belvacen„
2044 2381 2144 2421 Papae
2162 2391 2233 2421 cap.

634 2432 688 2472 (A.
706 2433 756 2468 30,
773 2432 795 2463 f.
814 2434 873 2464 314
889 2438 917 2469 ²3
941 2432 975 2463 V.
994 2433 1045 2471 85,
1061 2441 1113 2472 ep.
1129 2434 1215 2471 680.)

352 2485 387 2512 Ut
403 2494 426 2512 s.
679 2482 819 2515 40678.
838 2503 876 2508 ——-
905 2486 1083 2517 Bertrando
1108 2486 1227 2523 Ricavi,
1251 2486 1324 2517 cler.
1352 2485 1469 2517 Uticen.
1488 2486 1545 2524 di.,
1566 2487 1674 2527 gratia
1698 2496 1792 2527 exsp.
1813 2487 1922 2518 benef.
1943 2488 2131 2519 ecclesiast.
2149 2489 2188 2528 (c.
2206 2497 2233 2519 0.

301 2529 332 2558 Τ·
350 2530 395 2563 ΧῙ>
412 2530 481 2557 xlii.
634 2540 674 2570 60
691 2539 744 2570 vel
763 2548 791 2570 s.
808 2548 835 2570 c.
854 2541 893 2571 30
912 2539 935 2570 l.
951 2541 988 2578 t.)
1007 2540 1049 2570 ad
1070 2540 1138 2579 ep.i
1163 2540 1296 2572 Uticen.
1320 2540 1581 2580 dispositionem
1602 2541 1725 2580 pertin.
1744 2559 1781 2563 —
1800 2541 1826 2571 I.
1849 2549 1876 2572 e.
1896 2549 1940 2571 m.
1961 2549 2037 2580 ep.o
2058 2541 2235 2580 Carpento-

636 2594 756 2629 raten„
789 2594 821 2623 et
844 2602 946 2632 praep.
974 2593 1265 2633 Carpentoraten„
1290 2602 1328 2625 ac
1357 2593 1581 2633 Raymbaudo
1611 2594 1651 2625 de
1682 2594 1857 2629 Lauduno,
1883 2603 1955 2625 can.
1975 2594 2132 2625 Vencien.
2153 2595 2232 2626 eccl.

638 2646 690 2683 (A.
707 2647 757 2683 30,
775 2646 799 2676 f.
817 2647 875 2677 105
895 2645 924 2682 b;
950 2645 981 2676 V.
997 2647 1048 2681 86,
1065 2655 1116 2686 ep.
1137 2648 1241 2685 1346.)

355 2697 387 2724 Ut
408 2706 431 2724 s.
681 2696 817 2728 40679.
836 2716 875 2722 -
897 2699 1031 2730 Veziano
1051 2699 1087 2729 de
1102 2700 1286 2740 Marcafaba
1311 2700 1422 2731 collat.
1443 2708 1560 2731 canon.
1578 2700 1641 2730 sub
1663 2709 1757 2739 exsp.
1774 2700 1876 2738 praeb.
1895 2700 1974 2731 eccl.
1993 2699 2184 2731 Narbonen.
2198 2717 2234 2722 —

303 2741 333 2768 T·
350 2741 395 2774 ΧῙ>
411 2741 482 2768 xlll.
637 2753 662 2783 Ι.
679 2761 708 2782 0.
727 2761 772 2783 m.
795 2761 870 2791 ep.o
895 2753 1188 2792 carpentoraten„
1206 2755 1238 2784 et
1262 2754 1410 2784 Vasconi
1433 2754 1473 2784 de
1498 2753 1688 2792 Rupeforfi,
1710 2753 1836 2783 archid.
1864 2753 2118 2789 Carcassonen„
2136 2754 2235 2792 atque

637 2805 787 2836 Arnaldo
805 2806 846 2836 de
860 2805 1063 2843 Marcafaba,
1082 2815 1154 2836 can.
1172 2806 1332 2837 Tolosan.
1350 2806 1430 2836 eccl.
1449 2806 1501 2844 (A.
1519 2807 1570 2843 30,
1588 2806 1612 2836 f.
1633 2807 1686 2835 111
1703 2805 1732 2840 bg
1755 2805 1790 2836 V.
1807 2807 1857 2842 86,
1877 2814 1928 2844 ep.
1949 2806 2051 2843 1351.)

357 2856 391 2882 Ut
407 2864 430 2882 s·
682 2855 818 2887 40680.
839 2875 877 2879 -
892 2858 1056 2888 Pictavz‘no
1070 2858 1107 2889 de
1123 2858 1234 2899 Faqia,
1252 2869 1334 2890 mon.
1353 2859 1532 2889 monasterii
1546 2857 1691 2894 Casaedei,
1708 2857 1749 2887 ad
1768 2858 1804 2888 R.
1825 2858 1867 2889 E.
1887 2857 1972 2887 nullo
1990 2857 2087 2888 medio
2103 2858 2234 2898 pertin„

303 2899 332 2926 T·
352 2900 397 2932 ΚΒ
413 2900 484 2927 xlii.
640 2910 674 2940 0.
694 2910 728 2942 S.
749 2910 801 2946 B.,
821 2910 1049 2942 Claromonten.
1074 2911 1130 2949 di.,
1146 2912 1254 2951 gratia
1276 2920 1370 2950 exsp.
1391 2911 1562 2951 prioratus
1588 2911 1641 2941 vel
1667 2911 1873 2947 administr„
1891 2919 1951 2940 seu
1973 2911 2026 2941 off.
2049 2912 2106 2942 aut
2125 2911 2235 2942 benef.

639 2972 666 2994 c.
685 2972 712 2994 c.
727 2964 782 2994 vel
799 2973 826 2994 s.
848 2972 865 2994 0
893 2965 1002 3002 (1001.
1019 2966 1071 3002 t.),
1087 2965 1128 2995 ad
1148 2964 1262 2995 collat.
1278 2964 1410 2995 abbatis
1424 2965 1457 2995 et
1472 2973 1567 2994 conv.
1587 2963 1740 3002 ejusdem
1765 2963 1961 2993 monasterii
1979 2963 2113 3002 pertin„
2131 2966 2163 2994 et
2177 2972 2236 3003 per

585 3005 586 3008 Ἴ
639 3017 711 3056 ejus
726 3025 816 3047 mon.
835 3017 928 3048 soliti
952 3017 1048 3056 gub.;
1064 3018 1208 3057 supplic.
1227 3018 1354 3049 ι100000
1374 3017 1483 3056 ipsius
1502 3018 1645 3047 monast.
1664 3016 1794 3047 abbate.
1812 3034 1849 3038 —
1865 3016 1891 3047 1.
1912 3025 1941 3047 e.
1956 3025 2000 3047 m.
2020 3017 2127 3056 priori
2142 3018 2236 3049 Savi-

307 3108 309 3111 .
351 3068 495 3095 JOANNJS
516 3069 599 3097 xxn.
621 3084 656 3089 —
674 3069 706 3098 T.
729 3069 789 3098 vil.
2059 3070 2095 3098 26
