2560 3476
312 327 370 357 186

347 413 450 441 Datum
466 406 648 441 Avenione.

387 515 426 542 29
443 514 498 549 feb.
521 513 609 542 1328.

382 562 415 594 (ιι
430 558 488 586 kal.
510 558 610 589 mart.)

439 603 469 630 T.
490 602 545 631 xi..

455 1050 491 1078 Ut
510 1058 535 1078 s.

386 1095 417 1122 T.
438 1095 495 1130 XX,
515 1095 599 1123 xxu.

457 1371 501 1405 Ut*
510 1379 534 1399 s.

423 1415 454 1442 T.
475 1415 572 1442 XXVI.

458 1798 494 1826 Ut
511 1806 535 1825 s.

445 1842 476 1869 T.
494 1843 548 1869 LX.

459 2119 494 2146 Ut
511 2128 535 2146 s.

442 2163 473 2190 T.
494 2163 549 2190 LX.

457 2652 491 2679 Ut
510 2661 533 2679 s.

429 2696 458 2723 T.
481 2697 562 2724 XXX.

711 320 885 353 JOANNIS
908 319 1028 352 PAPAE
1049 319 1152 350 XXII.
1176 319 1426 360 (1316-1884).
1448 335 1487 342 -
1508 319 1697 351 LITTERAE
1720 318 1947 351 COMMUNES

786 512 798 523 ⁴¹
826 509 961 542 40544.
980 530 1018 535 -
1034 511 1157 542 Decano
1173 516 1202 542 et
1218 511 1312 552 capit.
1326 511 1400 542 eccl.
1418 521 1442 542 s.
1464 510 1554 542 Petri
1569 511 1606 542 de
1630 511 1788 549 Bariana,
1807 511 1948 544 Casu-en.
1972 511 2034 549 di„
2059 512 2181 545 induit.
2199 513 2237 545 ut
2254 521 2353 553 ep.us

742 566 895 598 Castren.
912 574 1021 606 usque
1033 565 1075 596 ad
1087 566 1128 597 20
1144 573 1252 596 annos
1267 573 1334 596 non
1346 565 1457 605 possit
1468 564 1510 597 ab
1526 565 1614 605 ipsis
1625 565 1773 606 exigere,
1788 566 1920 598 rationo
1930 565 2152 604 visitationis,
2163 566 2232 598 nisi
2249 574 2353 598 unam

741 619 1013 659 procurationem
1033 620 1066 650 et
1083 627 1151 650 non
1167 618 1297 658 plures,
1315 620 1353 650 ut
1366 618 1478 650 facere
1496 620 1638 650 conatur
1654 618 1719 650 sub
1737 619 1904 659 praetextu
1919 619 2021 660 quod,
2046 620 2124 660 post
2147 619 2354 652 divisionem

741 672 958 712 episcopatus
974 671 1124 709 Albien„
1136 671 1277 711 praefata
1291 671 1436 703 ecclesia
1452 671 1518 703 fuit
1532 672 1566 703 in
1580 671 1795 712 collegiatam
1808 673 1921 704 erecta
1935 673 1969 704 et
1985 672 2129 704 sacrista
2141 672 2254 713 ipsius
2270 672 2341 704 eccl

742 725 1026 765 parochianorum
1042 734 1158 757 curam
1176 725 1263 765 gerit
1278 734 1286 759 ;
1303 733 1380 756 cum
1396 724 1475 756 aliis
1494 725 1785 762 con-cessionibus.
1811 725 1943 758 scilicet
1966 725 2043 766 jure
2067 725 2295 765 praesentandi
2312 725 2356 758 ad

743 780 926 819 perpetuas
940 779 1088 810 vicarias
1112 779 1334 810 ecclesiarum
1352 778 1513 818 praedicto
1532 778 1632 820 capit.
1663 779 1917 819 assignatarum
1947 779 2183 819 principaliter
2198 781 2232 811 et
2247 779 2355 811 unita·

742 841 829 869 rum,
847 834 879 864 et
895 832 996 864 facul.
1011 831 1158 864 habendi
1172 832 1397 863 instructores
1411 841 1473 872 pro
1487 831 1656 864 ministris
1672 833 1705 864 et
1721 831 1948 864 servitoribus
1962 832 2070 873 ejusd.
2088 832 2169 865 eccl.
2185 832 2220 864 in
2234 832 2355 872 primi-

742 886 823 917 tivis
842 886 995 917 scientiis
1013 887 1046 917 et
1060 885 1192 917 artibus
1208 886 1416 924 erudiendis,
1443 887 1475 917 et
1499 894 1576 917 cum
1598 886 1725 917 statuto
1744 885 1832 917 circa
1856 886 1929 918 ord.
1948 885 2199 918 observandum
2218 886 2254 917 in
2269 885 2359 918 elec·

742 939 835 971 tione
855 939 923 979 ep.i
942 939 1094 971 Castren.
1117 941 1149 971 et
1170 939 1362 970 administr.
1380 939 1534 970 thesauri
1553 939 1634 970 eccl.
1656 939 1855 979 saepedictae.
1873 939 1924 979 (A.
1942 940 1995 977 30,
2017 939 2040 970 f.
2064 940 2104 971 3⁴
2119 938 2149 977 ὓς
2174 938 2208 971 V.
2226 940 2279 977 86,
2299 947 2353 979 ep.

744 994 849 1030 1158.)

787 1043 925 1076 40545.
944 1064 982 1069 -
1005 1046 1150 1084 Assauto,
1173 1050 1246 1076 nato
1266 1046 1426 1087 Aymerici
1452 1045 1490 1077 de
1516 1046 1685 1087 Rupeforti
1701 1045 1822 1084 militis,
1853 1056 1923 1078 can.
1948 1045 2049 1077 saecul.
2073 1045 2147 1077 eccl.
2165 1056 2189 1077 ε.
2209 1045 2356 1087 Οαρνωὶἰ

741 1100 915 1139 Aqennen„
933 1099 1056 1131 indult.
1077 1102 1123 1138 ut,
1139 1099 1206 1131 litt.
1227 1099 1341 1131 studio
1357 1099 1560 1138 insistendo,
1579 1099 1615 1131 in
1639 1099 1714 1131 loco
1738 1099 1797 1131 ubi
1823 1099 1909 1131 illud
1929 1099 2041 1140 vigeat
2063 1099 2233 1140 generale,
2248 1098 2304 1131 vel
2318 1099 2356 1130 in

743 1153 858 1193 aliquo
869 1153 977 1185 benef.
996 1162 1136 1185 suorum
1151 1153 1343 1190 residendo,
1354 1153 1396 1184 ad
1409 1153 1608 1184 diaconatus
1619 1153 1704 1188 ord..
1720 1161 1829 1193 usque
1842 1153 1884 1184 ad
1892 1153 2091 1190 triennium,
2105 1153 2236 1184 ratione
2249 1151 2353 1193 praeb.

744 1215 813 1237 suae
834 1207 976 1238 minime
991 1207 1157 1238 teneatur.
1178 1224 1216 1230 —
1231 1207 1258 1238 Ι.
1275 1215 1305 1238 e.
1324 1215 1369 1238 m.
1397 1206 1555 1238 Crassen.
1576 1207 1609 1238 et
1637 1207 1769 1238 Fuxen.
1794 1207 1941 1238 monast.
1963 1205 2156 1244 abbatibus,
2175 1215 2214 1237 ac
2227 1206 2356 1238 decano

744 1260 825 1292 eccl.
846 1261 886 1291 de
904 1269 930 1291 a.
948 1261 1072 1299 Felice,
1092 1261 1351 1297 carcassonen„
1370 1261 1618 1300 Appamiarum
1643 1261 1676 1291 et
1692 1259 1852 1292 Tolosan.
1882 1260 1928 1291 di.
1945 1259 1999 1299 (A.
2019 1261 2070 1298 30,
2088 1259 2112 1292 f.
2139 1261 2180 1292 ⁴5
2196 1264 2226 1298 *ς
2249 1259 2282 1292 V.
2301 1260 2354 1298 86,

744 1322 796 1354 ep.
816 1315 920 1352 1182.)

788 1364 924 1396 40546.
947 1385 984 1390 -—
997 1367 1110 1398 Abbati
1127 1372 1258 1399 monast.
1276 1378 1301 1398 s.
1322 1367 1448 1408 Georyii
1462 1367 1592 1407 majoris
1604 1366 1642 1397 dc
1663 1367 1808 1404 Venetia,
1823 1366 1992 1399 Castellan.
2009 1367 2066 1405 di„
2083 1371 2112 1398 et
2121 1376 2220 1408 prop.
2236 1366 2356 1398 Raven-

744 1426 862 1457 natem„
880 1431 915 1452 ac
929 1421 1091 1452 scolastico
1114 1420 1239 1451 Tullen.
1265 1420 1338 1452 eccl.
1367 1420 1481 1452 mand.
1501 1421 1538 1452 ut
1554 1421 1655 1452 Petro
1671 1420 1829 1458 Scutarii,
1856 1421 1896 1452 de
1913 1420 2080 1456 Venonis,
2097 1420 2224 1461 presb„
2245 1420 2359 1452 confe-

744 1477 820 1507 rant
835 1475 1054 1515 plebanatum
1076 1475 1196 1515 colleg.
1221 1475 1301 1506 eccl.
1330 1483 1359 1506 s.
1381 1474 1588 1512 Geminiani,
1618 1474 1727 1514 eJusd.
1749 1474 1816 1506 loci
1844 1474 1884 1506 de
1902 1474 2069 1512 Venetiis,
2089 1473 2276 1506 Castellan.
2293 1473 2355 1512 di„
2419 1503 2421 1505 .

744 1538 803 1568 per
822 1529 951 1560 obitum
969 1529 1140 1560 Dominici
1150 1528 1254 1560 Mucii
1265 1537 1317 1568 ap.
1333 1529 1366 1560 S.
1382 1529 1422 1560 A.
1433 1527 1558 1568 praevia
1572 1528 1723 1568 generali
1739 1537 1867 1559 reserv.
1882 1528 2037 1559 omnium
2051 1527 2273 1559 ecclesiarum
2289 1527 2354 1560 col-

745 1583 944 1623 legiatarum
961 1582 1074 1614 saecul.
1094 1582 1130 1613 in
1148 1582 1378 1621 patriarchatu
1400 1581 1550 1614 Graden.
1568 1581 1830 1612 consistentium
1847 1590 1908 1621 per
1922 1582 1989 1613 ΡΡ.
2007 1581 2097 1612 facta
2113 1589 2205 1617 vac-3
2222 1583 2358 1612 cassata

745 1637 841 1676 prius
858 1636 1021 1667 electione
1040 1635 1148 1675 ejusd.
1169 1635 1275 1672 Petri,
1293 1643 1368 1675 quae
1384 1644 1444 1675 per
1463 1634 1563 1675 capit.
1584 1636 1701 1666 contra
1725 1635 1850 1666 dictam
1872 1643 2001 1666 reserv.
2017 1633 2186 1667 celebrata
2201 1634 2267 1666 fuit
2277 1643 2287 1671 ;
2305 1633 2355 1665 di-

745 1690 856 1720 mittat
872 1689 1086 1720 autemidem
1096 1689 1219 1720 Petrus
1234 1688 1404 1728 quoddam
1416 1696 1509 1727 perp.
1520 1687 1631 1719 benef.
1645 1688 1735 1727 quod
1746 1688 1781 1719 in
1796 1688 1914 1719 eadem
1924 1687 2053 1719 obtinet
2068 1687 2223 1719 ecclesia.
2242 1687 2294 1726 (Α.
2304 1688 2354 1725 30,

744 1743 767 1773 f.
783 1744 843 1773 218
861 1742 889 1778 b3
913 1742 947 1773 V.
966 1744 1018 1779 86,
1039 1751 1091 1782 ep.
1111 1743 1217 1780 1454.)
1437 1732 1440 1734 ’

789 1793 926 1825 40547.
947 1813 984 1817 —
1005 1795 1125 1825 Decano
1140 1800 1169 1825 et
1182 1795 1278 1835 capit.
1296 1794 1368 1825 cccl.
1387 1804 1413 1824 s.
1438 1794 1595 1826 Vincentii
1611 1794 1650 1825 de
1665 1794 1882 1834 Montereyali,
1905 1793 2126 1826 carcassonen.
2146 1793 2205 1831 di„
2231 1793 2354 1825 indult-

744 1850 780 1880 ut
795 1857 903 1888 usque
918 1849 960 1879 ad
974 1857 1021 1879 xx
1040 1857 1147 1879 annos
1162 1856 1230 1879 non
1248 1849 1426 1879 teneantur
1444 1848 1604 1888 episcopo
1619 1848 1865 1880 Carcassonen.
1881 1848 1949 1879 nisi
1965 1856 2068 1879 unam
2085 1847 2356 1887 procurationem

744 1903 873 1934 ratione
895 1902 1104 1933 visitationis
1127 1901 1272 1939 solvere,
1289 1903 1390 1941 prout
1407 1903 1654 1933 consueverant
1669 1903 1851 1942 antequam
1868 1901 1959 1933 dicta
1974 1901 2119 1932 ecclesia
2135 1901 2221 1933 foret
2240 1901 2274 1932 in
2289 1900 2355 1932 col-

743 1956 808 1996 leg.
826 1957 946 1992 erecta,
965 1956 1043 1987 licet
1059 1956 1148 1987 idem
1165 1964 1275 1995 ep.us,
1289 1956 1457 1995 praetextu
1469 1955 1559 1995 quod
1575 1956 1720 1986 sacrista
1737 1955 1854 1995 populi
1871 1963 1932 1986 seu
1946 1954 2229 1995 parochianorum
2245 1954 2359 1995 ipsius

745 2010 826 2041 eccl.
850 2018 965 2041 curam
982 2010 1080 2049 gerit,
1099 2009 1238 2048 praefato
1255 2009 1404 2048 capitulo
1426 2009 1621 2048 separatim,
1635 2010 1668 2040 et
1683 2009 1783 2040 dictis
1798 2009 1949 2040 sacristae
1963 2017 2000 2040 ac
2015 2008 2142 2049 populo
2157 2008 2356 2048 impendere

744 2064 827 2095 velit
842 2063 1052 2094 visitatIOnis
1070 2063 1232 2093 officium.
1251 2063 1304 2101 (A.
1323 2064 1374 2100 30,
1397 2062 1418 2094 f.
1441 2064 1498 2093 221
1519 2062 1550 2099 1‘;
1578 2062 1615 2093 V.
1633 2064 1683 2100 86,
1703 2071 1756 2102 ep.
1776 2063 1883 2102 1480.)

788 2116 799 2126 ‘
820 2113 957 2145 40548.
978 2134 1014 2138 —
1033 2115 1156 2146 Decano
1171 2120 1200 2146 et
1214 2115 1309 2156 capit.
1327 2114 1398 2146 eccl.
1422 2125 1447 2147 s.
1474 2115 1629 2155 Stephani
1648 2115 1686 2146 de
1714 2115 1846 2146 Tescone
1868 2114 2089 2146 Montisalban.
2108 2115 2304 2155 indulgetur
2319 2116 2358 2146 ut

743 2178 851 2210 usque
868 2170 909 2201 ad
924 2179 970 2200 xx
986 2178 1093 2201 annos
1109 2178 1207 2209 ep.us
1222 2168 1464 2200 Montisalban.
1480 2178 1582 2200 unam
1598 2169 1775 2200 dumtaxat
1797 2169 2072 2209 procurationem
2090 2169 2220 2200 ratione
2237 2168 2359 2200 visita-

743 2223 848 2255 tionis
865 2224 1038 2263 percipere
1056 2223 1177 2263 possit,
1195 2224 1295 2262 prout
1322 2222 1500 2254 consuevit
1517 2224 1699 2262 antequam
1715 2222 1805 2253 dicta
1824 2222 1905 2253 eccl.
1928 2222 2014 2253 foret
2040 2222 2076 2253 in
2092 2222 2211 2262 colleg.
2230 2223 2353 2260 erecta,

743 2277 821 2308 licet
843 2278 927 2317 ipse,
946 2278 1113 2316 praetextu
1132 2277 1221 2316 quod
1238 2277 1381 2307 sacrista
1397 2276 1508 2315 ipsius
1526 2276 1605 2307 eccl.
1624 2276 1743 2315 populi
1759 2284 1819 2307 seu
1840 2275 2123 2315 parochianorum
2139 2276 2248 2316 ejusd.
2271 2276 2353 2308 eccl.

742 2339 857 2362 curam
874 2331 972 2370 gerit,
989 2330 1138 2369 capitulo
1154 2330 1339 2369 separatim
1357 2331 1388 2361 et
1401 2329 1500 2360 dictis
1517 2329 1669 2360 sacristae
1685 2338 1723 2360 ac
1745 2329 1871 2369 populo
1886 2329 2081 2368 impendere
2099 2329 2172 2360 vult
2188 2329 2357 2361 visitatio-

744 2385 797 2415 nis
816 2384 979 2421 officium,
998 2386 1030 2415 et
1045 2384 1130 2414 duas
1146 2383 1260 2423 itaque
1271 2384 1421 2422 recipere
1433 2383 1698 2423 procurationes.
1707 2383 1903 2422 Sequuntur
1914 2383 1989 2414 aliae
1999 2383 2231 2414 ordinationes
2243 2383 2356 2423 quoad

739 2438 796 2478 J'us
812 2437 1041 2477 praesentandi
1056 2437 1145 2468 dicto
1171 2446 1247 2476 ep.o
1267 2437 1414 2468 vicarios
1442 2437 1482 2467 ad
1499 2438 1682 2476 perpetuas
1697 2436 1845 2467 vicarias
1862 2435 2082 2467 ecclesiarum
2107 2436 2255 2476 capitulo
2277 2436 2356 2476 ipso

743 2491 1005 2531 assignatarum,
1021 2491 1132 2530 quoad
1155 2490 1416 2521 instructionem
1442 2490 1681 2521 ministrorum
1708 2491 1740 2521 et
1765 2490 1970 2521 servitorum
1995 2490 2094 2521 dictae
2122 2490 2215 2528 eccl„
2242 2490 2355 2530 quoad

742 2546 822 2576 dicti
848 2545 915 2585 epi
939 2545 1139 2576 electionem
1162 2546 1195 2575 et
1219 2544 1331 2584 quoad
1353 2544 1460 2583 ejusd.
1487 2543 1567 2575 eccl.
1595 2543 1805 2575 thesaurum.
1837 2544 1888 2581 (A.
1914 2545 1966 2580 30,
1994 2543 2018 2574 f.
2039 2544 2100 2575 354
2115 2548 2147 2580 ’ς
2168 2542 2201 2574 V.
2224 2545 2276 2582 86,
2299 2552 2354 2584 ep.

741 2601 847 2637 1786.)

787 2649 924 2682 40549.
943 2670 981 2674 —
998 2651 1100 2692 Praep.
1118 2656 1146 2682 et
1162 2652 1256 2692 capit.
1275 2651 1348 2682 eccl.
1366 2650 1573 2688 Lombericn„
1592 2660 1692 2691 nuper
1707 2651 1739 2680 in
1756 2649 1862 2690 colley.
1879 2655 1995 2686 erectae,
2012 2659 2104 2681 conc.
2123 2651 2159 2681 ut
2177 2650 2217 2681 de
2234 2650 2356 2681 fructi-

740 2706 805 2736 bus
820 2707 851 2737 et
868 2705 1058 2737 redditibus
1075 2705 1334 2744 possessionum
1351 2706 1383 2736 et
1400 2704 1566 2736 bonorum
1584 2703 1814 2735 immobilium
1833 2704 1928 2735 dictae
1954 2704 2049 2741 eccl,
2065 2713 2125 2744 per
2149 2703 2244 2743 ipsos
2260 2703 2356 2735 licite

741 2759 904 2790 hactenus
927 2760 1029 2791 etiam
1048 2768 1090 2790 ex
1109 2759 1263 2798 eJusdem
1277 2758 1357 2789 eccl.
1375 2758 1534 2789 thesauro
1552 2757 1798 2797 acquisitorum
1818 2757 1871 2788 vel
1892 2758 1926 2788 in
1943 2758 2117 2797 posterum
2134 2744 2356 2797 acquirendo·

741 2821 830 2850 rum,
849 2813 956 2844 libere
980 2813 1161 2852 disponere
1184 2812 1329 2851 possint,
1345 2806 1605 2851 prout'utilitati
1630 2811 1784 2850 ipsorum
1808 2812 1841 2842 et
1860 2811 1971 2850 ipsius
1988 2810 2069 2842 eccl.
2086 2810 2235 2842 viderint
2251 2819 2353 2850 expe·

741 2866 832 2903 dire;
850 2875 916 2897 non
934 2866 1021 2897 obst.
1039 2865 1129 2905 quod
1146 2866 1180 2896 in
1195 2865 1322 2896 litteris
1339 2866 1448 2904 apost.
1476 2873 1579 2903 super
1603 2864 1699 2895 dictae
1714 2864 1794 2895 eccl.
1813 2856 1981 2896 erectione
2001 2864 2164 2896 confectis
2180 2864 2353 2895 continea-

739 2921 795 2950 tur
809 2928 970 2959 expresse
989 2919 1079 2959 quod
1094 2918 1247 2949 canonici
1262 2919 1295 2949 et
1313 2918 1373 2949 alii
1390 2918 1539 2949 ministri
1555 2918 1666 2957 ipsius
1686 2917 1765 2948 eccl.
1788 2917 1987 2949 thesaurum
2011 2918 2123 2957 ipsius
2146 2917 2235 2948 inter
2253 2925 2288 2948 se
2305 2917 2353 2947 di-

740 2965 854 3005 'videre
872 2974 924 3004 vel
944 2972 1011 3003 sibi
1034 2973 1254 3012 appropriare
1279 2972 1497 3011 aliquatenus
1524 2980 1591 3002 non
1625 2972 1845 3010 praesumant,
1865 2971 2014 3015 alioquin
2036 2979 2152 3011 poenas
2179 2971 2356 3001 incurrant

740 3035 922 3067 expressas
937 3027 970 3057 in
990 3026 1113 3057 litteris
1130 3025 1338 3056 memoratis.
1360 3026 1412 3065 (A.
1433 3026 1484 3061 30,
1500 3025 1522 3055 f.
1541 3026 1600 3055 375
1621 3024 1648 3060 ¹³3
1673 3024 1708 3055 V.
1726 3026 1776 3060 86,
1794 3034 1846 3064 cp.
1865 3024 1969 3063 ¹838.)
