2560 3476
329 342 389 372 292
729 334 903 366 JOANNIS
927 333 1046 364 PAPAE
1068 333 1170 364 XXII.
1194 335 1445 374 (2316-1334).
1467 349 1508 356 -
1529 331 1717 363 LITTERAE
1740 332 1968 365 COMMUNES

365 429 467 455 Datum
486 421 668 455 Avenione.

759 526 973 558 condemnati
990 526 1031 556 de
1048 525 1170 556 liaeresi
1198 525 1252 556 vel
1278 525 1424 556 fautoria
1452 524 1685 556 haereticorum
1718 533 1933 566 nequaquam
1957 526 2185 559 includantur.
2205 527 2260 568 (A.
2281 526 2290 547 ¹
2310 529 2362 564 30,

758 580 781 610 f.
799 581 857 610 433
880 585 908 616 ¹²3
932 579 968 610 V.
986 581 1037 616 87,
1058 588 1109 618 ep.
1129 579 1209 609 2075
1219 588 1228 615 3
1248 578 1406 615 Theiner,
1427 577 1532 610 Codex
1546 577 1776 619 diplomaticus,
1793 580 1817 610 t.
1834 579 1860 616 I,
1878 587 1910 619 p.
1927 580 2000 618 558,
2015 579 2087 612 doc.
2107 580 2324 621 DCCXXX.)

331 637 367 664 10
387 637 429 671 (iv
450 635 504 672 id.)
518 635 586 669 jun.
608 634 697 663 1328.
802 630 940 662 41535.
960 651 998 656 —
1015 633 1103 674 Epo
1122 632 1325 669 Cavallicen„
1343 637 1370 662 et
1392 631 1527 663 Geraldo
1545 631 1582 662 de
1602 631 1692 667 Lalo,
1718 631 1963 669 claromonten..
1981 643 2018 664 ac
2045 632 2158 664 Busolo
2179 633 2216 665 de
2232 634 2362 672 Parma,

459 681 489 708 T.
511 681 567 708 XX·
759 686 930 717 Tornacen.
946 685 1017 718 eccl.
1036 696 1118 722 cam,
1136 695 1205 728 cap.
1225 685 1333 727 Papae,
1351 686 1464 717 mand.
1483 695 1544 726 pro
1556 686 1748 726 receptione
1767 686 1966 724 Garsendis,
1980 689 2066 719 natae
2082 687 2177 719 Petri
2187 688 2229 731 de
2244 688 2364 720 Meles-

756 741 848 780 pina,
870 740 954 771 civis
971 740 1193 776 Avenionen„
1208 739 1331 779 puellae
1348 739 1516 777 litteratae,
1534 739 1570 770 in
1590 740 1735 771 monast.
1754 740 1957 771 monialium
1972 749 1999 772 s.
2015 740 2144 773 Verani
2158 749 2263 782 prope
2278 741 2364 774 Ave-

755 795 906 831 nioneni,
925 794 962 826 O.
982 794 1015 825 S.
1035 795 1072 824 B.
1092 794 1146 833 (A.
1164 794 1215 830 30,
1233 793 1255 823 f.
1274 794 1333 824 483
1351 792 1381 830 ¹¹;
1406 793 1442 824 V.
1463 794 1513 831 87,
1535 801 1587 832 ep.
1604 794 1712 832 2195.)

472 850 506 877 Ut
527 858 550 877 s.
803 845 936 877 41536.
957 866 994 870 -
1010 847 1138 878 Eisdem
1156 847 1337 878 mandatur
1352 855 1412 887 pro
1431 847 1622 886 receptione
1638 847 1816 887 Poylesiae,
1833 848 1920 879 natae
1934 847 2029 879 Petri
2041 847 2082 879 de
2100 847 2304 888 Malespina,
2317 848 2362 880 ci-

454 895 484 922 T.
502 895 558 921 XX·
755 902 807 932 vis
830 902 1052 939 Avenionen.‚
1073 900 1194 941 puellae
1226 901 1395 938 litteratae,
1423 901 1458 931 in
1479 901 1625 931 monast.
1652 900 1855 932 monialium
1884 910 1912 932 s.
1938 901 2115 933 Laurentii
2138 902 2362 939 Avenionen„

755 956 794 987 O.
814 955 847 986 s.
867 957 902 986 Β.
922 955 973 994 (Α.
990 957 1039 994 30,
1059 955 1082 986 f.
1098 955 1157 986 483
1173 954 1201 991 113
1226 954 1259 984 v.
1278 955 1329 991 87,
1347 963 1398 994 ep.
1419 955 1525 993 2196.)
2193 984 2196 987 Δ

469 1011 504 1038 Ut
524 1020 547 1037 s.
800 1006 936 1038 41537.
957 1027 993 1031 -—
1011 1008 1125 1040 Jacobo
1141 1008 1178 1038 de
1194 1007 1272 1039 Ceus
1289 1016 1384 1047 prov,
1399 1016 1518 1038 canon.
1535 1007 1599 1038 sub
1615 1015 1710 1047 exsp.
1724 1007 1826 1047 praeb.
1845 1008 1927 1039 eccl.
1940 1016 1967 1040 s.
1981 1009 2158 1040 Laurentii
2169 1008 2210 1040 de
2222 1008 2362 1047 Roscio,
2413 1039 2420 1043 ,

416 1057 446 1082 T.
469 1056 514 1089 xl,
528 1056 601 1083 Xlll.
754 1063 951 1094 Laudunen.
972 1062 1039 1099 di.;
1058 1071 1124 1093 non
1145 1062 1230 1093 obst.
1259 1061 1445 1101 parochiali
1473 1061 1552 1092 eccl.
1581 1061 1621 1092 de
1638 1061 1768 1099 Vitula,
1785 1061 1883 1092 dictae
1897 1061 1941 1092 di.
1958 1079 1997 1084 —
2013 1062 2039 1093 Ι.
2060 1071 2089 1093 e.
2107 1071 2152 1093 m.
2173 1062 2313 1100 decano,
2330 1062 2363 1094 et

755 1116 880 1147 archid.
898 1115 1112 1148 Theraschiae
1127 1116 1336 1153 Laudunen.,
1354 1124 1391 1145 ac
1401 1115 1518 1146 Ottoni
1529 1114 1571 1146 de
1581 1115 1710 1153 Mams,
1720 1115 1934 1147 thesaurario
1946 1115 2163 1147 Suessionen.
2177 1115 2275 1155 eccl„
2287 1123 2362 1156 cap.

755 1169 864 1209 Papae.
885 1170 940 1210 (A.
963 1171 1014 1208 30,
1035 1169 1057 1199 f.
1076 1171 1134 1200 523
1149 1174 1177 1206 ⁸;
1201 1169 1237 1200 V.
1256 1170 1308 1206 87,
1328 1177 1380 1208 ep.
1397 1169 1504 1207 2288.)
1957 1166 1960 1169 ’

468 1221 504 1250 Ut
524 1231 548 1250 S.
801 1221 936 1253 41538.
954 1241 992 1246 -—
1013 1223 1110 1253 Yvoni
1126 1222 1162 1253 de
1176 1221 1286 1258 Kelen,
1297 1223 1545 1262 rectoriparoclz.
1558 1222 1631 1252 eccl.
1648 1222 1684 1252 de
1701 1221 1820 1260 Duant,
1841 1222 2047 1264 Corisopz'len.
2062 1222 2118 1259 di.‚
2131 1231 2226 1263 prov.
2239 1231 2359 1256 canon'.

414 1267 444 1294 T.
465 1267 510 1300 XI,
528 1267 599 1294 X111.
754 1277 817 1307 sub
834 1286 931 1317 exsp.
949 1277 1052 1316 praeb.
1069 1276 1220 1307 ecclesiae
1238 1276 1464 1316 Corisopiten.
1482 1294 1520 1299 —
1539 1277 1565 1307 Ι.
1584 1285 1612 1307 e.
1632 1285 1676 1307 m.
1693 1276 1907 1307 thesaurario
1926 1276 2120 1313 Trecoren.,
2141 1278 2175 1308 et
2197 1285 2286 1317 mag.
2303 1276 2362 1309 Ri-

753 1331 853 1361 cardo
869 1331 910 1361 de
937 1330 1031 1367 Piru,
1057 1338 1130 1361 can.
1157 1329 1359 1361 Maelovien.
1378 1329 1471 1366 eccl„
1498 1338 1535 1360 ac
1564 1329 1702 1360 officiali
1725 1329 1913 1360 Briocensi.
1940 1330 1994 1368 (A.
2016 1331 2067 1368 30,
2086 1330 2110 1361 f.
2129 1331 2190 1362 592
2202 1334 2230 1366 ι;
2258 1329 2293 1361 V.
2309 1330 2362 1366 8⁷,

753 1391 806 1423 ep.
824 1385 930 1422 2414.)

468 1435 506 1463 Ut
523 1444 546 1464 s.
798 1434 936 1466 41539.
957 1454 995 1459 -
1011 1437 1204 1477 Berenyario
1221 1435 1257 1466 de
1273 1436 1446 1467 Durhanno
1463 1436 1614 1475 provisio
1630 1445 1747 1467 canon.
1766 1436 1828 1467 sub
1847 1445 1944 1476 exsp.
1970 1436 2072 1477 praeb.
2092 1437 2173 1468 eccl.
2192 1436 2362 1469 Biterren-

411 1479 444 1509 T.
459 1480 506 1514 X¹³
521 1480 593 1508 XIII.
753 1491 802 1522 sis
815 1500 822 1526 ;
842 1499 909 1522 non
923 1490 1008 1522 obst.
1027 1491 1060 1521 in
1074 1490 1323 1522 Barchinonen.
1337 1490 1417 1521 eccl.
1433 1499 1566 1528 canon„
1579 1489 1683 1530 praeb.
1699 1499 1736 1520 ac
1749 1490 1972 1527 succentoria,
1986 1499 2117 1522 necnon
2129 1499 2224 1530 perp.
2239 1490 2360 1530 capell.

753 1554 779 1575 s.
798 1545 916 1576 Crucis
930 1545 970 1575 de
988 1544 1125 1580 Olarda‚
1141 1544 1388 1576 Barchinonen.
1412 1543 1457 1578 di.
1479 1561 1518 1566 —-
1534 1545 1560 1575 I.
1580 1552 1608 1575 e.
1631 1553 1676 1575 m.
1696 1543 1811 1574 abbati
1827 1544 2029 1575 monasterii
2046 1544 2086 1575 de
2102 1545 2262 1581 Caranta,
2277 1544 2363 1577 Nar·

751 1598 873 1630 bonen.
888 1599 947 1636 di.‚
960 1599 992 1629 et
1005 1606 1112 1638 magg.
1128 1598 1321 1629 Raimundo
1332 1597 1509 1635 Sobirano,
1523 1598 1649 1628 decano
1662 1596 1928 1637 monsregalis,
1942 1605 1980 1628 ac
1991 1597 2164 1629 Bernardo
2177 1597 2217 1629 de
2229 1606 2257 1629 s·
2269 1597 2362 1629 Mau-

752 1651 842 1689 ritio,
860 1651 1056 1690 praecentori
1074 1650 1329 1682 Autisiodoren.
1347 1650 1442 1687 ecch,
1458 1659 1531 1689 cap.
1548 1650 1659 1689 Papae.
1681 1649 1733 1688 (A.
1751 1651 1802 1686 30,
1819 1649 1842 1680 f.
1859 1651 1920 1681 593
1931 1655 1960 1686 ⁸;
1982 1650 2019 1681 V.
2035 1651 2087 1686 87,
2103 1659 2158 1690 ep.
2172 1650 2282 1689 2416.)

470 1703 504 1731 Ut
525 1712 549 1732 s.
796 1700 935 1734 41540.
953 1722 989 1727 -
1007 1703 1102 1734 Petro
1122 1703 1338 1744 Carlayinen„
1359 1707 1387 1734 et
1403 1703 1518 1735 Joanm·
1533 1703 1669 1739 Oveten.,
1689 1713 1724 1733 ac
1740 1702 1915 1734 Placentia.
1936 1704 2016 1744 epn's
2030 1704 2255 1735 committitur
2263 1703 2362 1736 abso·

430 1747 450 1773 T
473 1747 579 1775 LXXX·
751 1757 835 1788 lutio
851 1758 989 1789 illorum
1004 1758 1073 1797 qui,
1086 1758 1127 1788 de
1144 1758 1304 1788 mandato
1318 1757 1408 1788 infra
1423 1756 1506 1788 dicti
1524 1757 1625 1796 regis,
1638 1758 1820 1796 sequentes
1837 1756 1987 1788 decimas
2004 1759 2223 1797 occuparunt.
2239 1757 2293 1796 (A.
2307 1758 2361 1796 30,

751 1811 774 1842 f.
790 1811 891 1848 625b;
917 1811 952 1842 V.
972 1813 1023 1849 87,
1042 1819 1094 1850 ep.
1112 1810 1219 1849 2475.)

462 1862 497 1889 Ut
516 1871 539 1890 s.
794 1864 805 1875 ³
827 1861 962 1893 41541.
982 1882 1020 1887 -
1039 1863 1202 1905 Alphonso
1214 1863 1282 1904 re9i
1298 1863 1442 1895 Cascellae
1456 1868 1484 1894 et
1500 1863 1646 1905 Leyionis
1663 1863 1824 1895 scribitur
1840 1873 1894 1901 ne,
1911 1863 1946 1895 in
1960 1864 2126 1900 futurum,
2141 1873 2266 1896 manus
2280 1873 2361 1897 suas

453 1907 483 1934 T.
503 1907 556 1935 CL.
749 1919 908 1950 extendat
924 1918 966 1949 ad
979 1918 1130 1949 decimas
1147 1917 1268 1949 solitas
1283 1925 1344 1957 pro
1360 1917 1583 1949 ecclesiarum
1597 1917 1738 1949 fabricis
1753 1918 1934 1954 reservari,
1954 1926 2034 1949 nam
2059 1918 2199 1955 dudum,
2223 1927 2292 1950 non
2304 1911 2361 1950 ha-

748 1971 833 2003 bens
848 1972 1042 2003 necessaria
1056 1972 1224 2011 stipendia
1240 1979 1302 2010 pro
1325 1970 1534 2003 exercitibus
1555 1971 1733 2003 mittendis
1762 1973 1880 2002 contra
1900 1971 2057 2003 infideles
2078 1972 2172 2012 regni
2188 1971 2359 2010 Granum,

748 2033 871 2056 manus
886 2034 967 2056 suas
982 2025 1134 2056 extendit
1150 2025 1191 2056 ad
1204 2025 1288 2056 duas
1304 2026 1418 2064 partes
1433 2025 1542 2056 tertiae
1554 2025 1751 2056 earumdem
1763 2025 1986 2063 decimarum,
2003 2025 2132 2066 absque
2147 2025 2181 2057 S.
2197 2025 2238 2057 A.
2257 2025 2360 2058 licen—

747 2079 805 2116 tia,
824 2079 957 2110 duobus
971 2079 1071 2111 annis
1084 2079 1256 2110 continuis
1271 2078 1427 2118 proxime
1443 2079 1637 2118 praeteritis,
1648 2080 1681 2109 et
1696 2086 1804 2118 nuper
1817 2078 1952 2116 iterum,
1969 2080 2151 2120 postquam
2166 2078 2208 2110 ab
2223 2087 2358 2111 excom.

747 2140 789 2164 ex
803 2133 865 2164 hoc
877 2133 1015 2164 incursa
1031 2132 1208 2164 absolutus
1226 2132 1300 2169 fuit,
1313 2141 1374 2172 pro
1388 2132 1507 2163 eodem
1524 2132 1657 2172 negotio
1671 2132 1713 2162 ad
1724 2132 1847 2163 dictam
1863 2131 2000 2164 tertiam
2015 2141 2077 2173 pro
2091 2141 2159 2164 uno
2173 2141 2262 2165 anno
2276 2141 2357 2173 pro-

746 2186 838 2218 xime
856 2186 1027 2226 praeterito
1044 2195 1167 2217 manus
1194 2186 1357 2222 extendit,
1380 2185 1522 2224 ideoque
1540 2184 1702 2216 similiter
1728 2193 1859 2217 excom.
1884 2185 2027 2218 incurrit
2054 2195 2074 2217 a
2097 2195 2165 2226 qua
2179 2185 2358 2218 absolutus

746 2239 821 2270 fuit.
842 2239 894 2279 (A.
912 2241 964 2278 30,
982 2240 1005 2270 f.
1022 2239 1083 2271 625
1100 2243 1129 2276 ²3
1153 2238 1190 2270 V.
1209 2240 1260 2276 87,
1276 2247 1330 2278 ep.
1345 2239 1453 2277 2484.)

465 2290 501 2320 Ut
517 2301 540 2319 s.
791 2290 928 2323 41542.
947 2311 987 2316 -
1002 2292 1088 2334 Ep.o
1102 2291 1264 2323 Leodiensi
1279 2292 1425 2323 facultas
1438 2292 1643 2324 concedendi
1659 2293 1833 2324 licentiam
1846 2292 1971 2324 Jacobo
1987 2293 2076 2325 dicto
2093 2292 2269 2334 Troyiors,
2286 2301 2359 2326 mo-

449 2337 480 2364 T.
501 2337 559 2364 XX·
746 2348 852 2378 nacho
873 2347 1028 2387 professo
1049 2346 1193 2378 monast.
1214 2345 1324 2378 Vallis
1340 2354 1367 2377 s.
1391 2344 1580 2384 Lamberti,
1599 2346 1739 2378 cisterc.
1759 2346 1844 2384 ord.,
1861 2346 1969 2386 ejusd.
1988 2346 2048 2383 di.‚
2065 2355 2101 2378 se
2117 2346 2356 2385 transferendi,

744 2401 881 2441 propter
894 2398 1139 2432 desolationem
1158 2400 1213 2430 sui
1235 2399 1449 2435 monasterii,
1467 2399 1509 2430 ad
1526 2399 1673 2431 monast.
1696 2399 1909 2438 Stabulense,
1935 2400 1974 2432 Ο.
1999 2400 2034 2432 S.
2051 2400 2106 2437 B.,
2125 2401 2223 2432 dictae
2246 2400 2305 2438 di.‚
2321 2400 2358 2432 in

745 2461 811 2494 quo
829 2454 1018 2485 districtior
1034 2452 1251 2484 observantia
1265 2452 1434 2493 regularis
1449 2453 1562 2493 vigere
1579 2452 1714 2484 dicitur.
1737 2453 1789 2492 (A.
1807 2453 1860 2491 31,
1879 2452 1901 2485 f.
1920 2455 1979 2486 188
1997 2459 2010 2475 ¹³
2018 2463 2027 2491 3
2048 2452 2085 2486 V.
2101 2454 2155 2492 87,
2175 2461 2227 2494 ep.
2246 2452 2358 2495 2925.)

462 2503 497 2534 Ut
516 2513 540 2534 s.
788 2504 927 2537 41543.
948 2524 986 2530 —
1000 2506 1139 2544 Raterio,
1158 2506 1265 2537 abbati
1287 2505 1469 2537 monasterii
1485 2515 1511 2538 s.
1537 2507 1671 2537 Victoris
1693 2506 1908 2545 Massiliensis,
1925 2506 1961 2538 0.
1978 2507 2014 2538 S.
2034 2506 2088 2544 B.,
2106 2507 2252 2539 facultas
2270 2506 2358 2539 reci-

458 2550 489 2578 T.
511 2551 542 2578 ¹⁴·
743 2561 859 2601 piendi
875 2562 907 2592 et
922 2561 1029 2600 recipi
1046 2559 1193 2592 faciendi
1211 2561 1274 2591 hac
1290 2560 1375 2598 vice,
1393 2561 1480 2591 auct.
1496 2562 1618 2600 apost.‚
1633 2561 1670 2591 in
1685 2568 1747 2592 suo
1762 2561 1968 2592 monasterio
1986 2569 2088 2592 unam
2106 2561 2160 2592 vel
2175 2561 2261 2592 duas
2277 2569 2354 2601 per·
2375 2569 2377 2571 ’

744 2621 846 2646 sonas
862 2614 994 2654 abipso
1018 2611 1205 2654 eligendas,
1226 2613 1330 2645 etiam
1355 2614 1386 2645 si
1409 2613 1539 2645 fuerint
1560 2612 1694 2645 ordinis
1711 2613 1978 2645 mendicantium
2003 2614 2057 2645 vel
2079 2614 2221 2645 alterius
2240 2614 2354 2655 cnjus·

743 2674 898 2708 cumque,
927 2676 965 2698 ac
979 2674 1057 2699 cum
1076 2665 1147 2698 illis
1167 2667 1325 2707 personis
1347 2666 1570 2707 dispensandi
1596 2675 1701 2707 super
1723 2666 1974 2707 irregularitate
1994 2667 2111 2699 forsan
2133 2668 2305 2699 contracta
2320 2668 2355 2700 et

691 2744 698 2747 -
743 2721 876 2754 defectu
893 2720 1073 2759 natalium,
1093 2727 1160 2752 non
1182 2720 1270 2753 obst.
1295 2720 1476 2752 contrariis
1492 2720 1795 2752 constitutionibus
1816 2720 1988 2761 etiamque
2013 2720 2200 2752 Clementis
2215 2721 2283 2752 ΡΡ.
2307 2721 2352 2753 V.

744 2775 798 2815 (Α.
814 2776 866 2813 32,
884 2775 908 2807 f.
923 2776 966 2806 86
981 2774 1012 2813 ¹¹3
1034 2774 1070 2806 V.
1087 2773 1139 2812 88,
1157 2782 1209 2815 ep.
1223 2775 1331 2813 3041.)
1912 2816 1916 2819 ἱ

457 2826 493 2855 Ut
513 2834 537 2855 ι.
789 2825 928 2860 41544.
952 2845 990 2852 -—
1015 2826 1184 2869 Archiep.o
1208 2828 1391 2869 Maquntino
1414 2827 1567 2868 potestas
1588 2826 1790 2860 absolvendi
1813 2828 1846 2859 et
1870 2827 2092 2868 dispensandi
2120 2828 2350 2868 Hartungum,

446 2871 477 2900 T.
493 2872 548 2900 XL.
743 2888 857 2922 ep.um
876 2882 1079 2920 Macheren„
1105 2878 1282 2913 debilitate
1307 2883 1341 2913 et
1363 2882 1460 2914 senio
1479 2883 1731 2922 pergravatum,
1755 2880 1868 2922 quiin
1889 2881 2036 2913 diversis
2062 2881 2148 2913 locis
2170 2880 2352 2913 interdicto

773 3008 797 3036 1.
812 3010 847 3036 In
858 3009 989 3042 margine
1003 3010 1128 3042 regesti-i
1148 3007 1359 3036 Avenionensis
1374 3006 1482 3041 legitur
1504 3013 1511 3035 :
1529 3015 1540 3031 ι
1557 3009 1671 3035 Alienae
1692 3009 1765 3042 quod
1778 3008 1835 3042 sitit
1850 3007 1930 3035 missa
1945 3009 1978 3034 de
1989 3016 2103 3038 camera.
2123 3008 2179 3034 sine
2195 3007 2270 3041 cigno
2282 3007 2351 3034 vice-

741 3049 906 3076 cancellarii.
922 3058 934 3074 »
