2560 3476
357 345 415 376 178

387 431 492 458 Datum
517 426 697 459 Avenione.

427 533 464 562 18
482 533 538 568 seb.
562 532 651 561 1328.

413 582 468 612 (x11
488 578 546 605 kal.
563 578 665 610 mart.)

447 623 478 651 T.
494 623 540 656 Xl,
555 622 628 650 XIII.

427 694 466 722 20
481 694 536 729 seb.
559 694 644 722 1328.

422 740 454 772 (x
472 738 531 766 kal.
553 739 653 773 mart.)

416 783 446 810 T.
463 783 560 817 XVIII,
577 783 658 810 XXX.

497 1013 531 1040 Ut
549 1022 572 1040 s.

427 1058 474 1086 Gr.
490 1066 541 1093 pro
562 1057 650 1085 socio.

498 1333 532 1360 Ut
550 1342 574 1361 s.

422 1379 470 1407 Gr.
493 1387 544 1413 pro
562 1378 650 1407 socio.

494 1494 530 1522 Ut
551 1502 575 1521 s.

474 1539 504 1565 T.
526 1538 596 1565 XVI.

493 1601 528 1628 Ut
555 1609 578 1628 s.

480 1646 510 1673 T.
526 1646 597 1673 XVI.

493 1760 530 1788 Ut
549 1769 573 1789 S.

472 1805 503 1832 T.
526 1806 595 1832 XVI.

491 2082 526 2109 Ut
545 2090 569 2111 s,

479 2126 509 2153 T.
528 2127 584 2154 XX.

488 2243 524 2270 Ut
547 2251 570 2270 s.

478 2287 508 2314 T.
524 2288 581 2314 XX.

490 2454 526 2481 Ut
545 2463 567 2481 s.

457 2498 488 2527 T.
506 2499 601 2527 XXIV.

492 2614 526 2642 Ut
543 2624 566 2642 s.

750 341 924 373 JOANNIS
947 341 1066 372 PAPAE
1088 341 1191 372 XXII.
1215 341 1465 381 (1316-1834).
1486 359 1526 365 —
1548 341 1737 372 LITTERAE
1757 340 1984 373 COMMUNES

830 527 967 561 40468.
985 547 1022 553 —-
1037 531 1156 563 Joanm‘
1170 530 1207 562 de
1217 530 1407 568 Molendino,
1423 531 1526 572 presb.
1530 554 1540 570 ,
1549 540 1641 573 perp.
1654 531 1773 562 vicario
1789 531 1824 562 in
1835 530 1909 562 cccl.
1924 541 1950 562 ε.
1968 531 2078 564 Jacobi
2093 530 2268 573 Stctynen„
2286 531 2390 563 Cami-

785 594 856 616 nen.
873 584 931 621 di.,
946 593 1039 624 prov.
1057 593 1175 616 canon.
1195 584 1258 615 sub
1274 593 1370 624 exsp.
1389 584 1493 624 praeb.
1510 585 1591 616 eccl.
1607 586 1641 617 S.
1660 584 1705 617 M.
1723 585 1805 617 dicti
1820 585 1887 616 loci
1903 584 2081 626 Stetynen.
2093 602 2133 608 —
2146 585 2173 617 1.
2194 593 2224 617 e.
2244 593 2290 617 m.
2309 586 2347 617 ut
2363 593 2391 617 s.

785 638 838 678 (A.
857 639 908 675 31,
926 638 947 669 f.
966 639 1027 669 334
1043 637 1072 675 ¹›;
1094 637 1127 667 V.
1145 639 1197 674 ss,
1214 646 1268 678 ep.
1286 638 1395 678 3291.)
1530 633 1535 637 ’

826 688 963 720 40469.
982 710 1019 715 -
1037 691 1078 722 Ν.
1095 701 1123 722 υ.
1137 691 1268 729 Joanni,
1285 691 1457 722 vicecomiti
1473 691 1510 723 dc
1523 691 1698 729 Meleduno,
1715 691 1869 723 Senonen.
1880 691 1939 728 di.,
1956 692 2152 732 indulgetur
2168 692 2206 724 ut
2220 692 2394 724 Robertus

783 745 824 775 de
841 745 1033 782 Meleduno,
1053 745 1164 784 ipsius
1177 746 1289 782 natus,
1304 745 1496 776 scolasticis
1507 745 1702 785 disciplinis
1718 745 1754 777 in
1768 745 1841 777 loco
1857 744 1916 776 ubi
1930 745 2082 777 studium
2096 745 2209 786 vigeat
2223 745 2394 785 generale,

782 807 821 829 ac
833 799 977 838 quatuor
992 798 1119 838 clerici,
1133 797 1309 838 obsequiis
1322 798 1396 830 suis
1407 798 1621 836 insistentes,
1639 798 1772 830 fructus
1789 799 1942 830 omnium
1954 798 2065 831 benef.
2083 807 2223 830 suorum
2235 807 2274 830 ac
2286 798 2397 840 digni·

781 853 902 889 tatum,
920 851 1048 891 absque
1067 851 1265 888 residentia,
1291 851 1334 882 ad
1355 851 1555 888 triennium,
1581 852 1756 892 percipere
1776 852 1923 884 valeant.
1943 869 1982 875 -
1997 852 2037 883 In
2060 859 2090 884 e.
2109 860 2156 883 m.
2175 860 2204 883 s.
2220 850 2396 884 Columbo

781 913 885 944 prope
899 904 1114 936 senonenses
1128 907 1159 936 et
1173 905 1213 936 de
1229 905 1345 940 Jard0‚
1357 905 1524 937 Senonen.
1539 905 1598 942 di.,
1614 906 1900 937 monasteriorum
1915 904 2106 942 abbatibus,
2122 913 2161 936 ac
2171 905 2298 937 decano
2311 905 2394 937 eccl.

782 958 1002 989 Parisiensis.
1023 958 1074 999 (A.
1087 960 1138 994 29,
1153 958 1175 989 f.
1192 959 1253 990 665
1268 963 1300 994 ·;
1327 958 1364 990 V.
1385 959 1437 994 85,
1454 967 1506 998 ep.
1524 959 1613 999 380.)

827 1008 966 1041 40470.
987 1028 1024 1033 -
1041 1012 1127 1052 May.
1150 1011 1314 1043 Bernardo
1330 1011 1445 1043 Baboti
1460 1012 1496 1043 de
1515 1011 1634 1043 Sancta
1650 1011 1777 1052 Speria,
1796 1021 1865 1043 can.
1883 1015 1913 1042 ct
1923 1011 2113 1053 praecentori
2129 1010 2202 1042 cccl.
2223 1010 2393 1053 Urqellen„

782 1064 849 1095 ΡΡ.
870 1065 1027 1106 scriptori,
1044 1065 1188 1096 facultas
1203 1065 1422 1096 construendi
1438 1066 1471 1097 et
1487 1065 1626 1096 dotandi
1643 1065 1678 1096 in
1695 1065 1842 1105 quadam
1866 1065 1979 1105 platea
1997 1064 2089 1096 villae
2106 1065 2237 1097 Sanctae
2254 1064 2394 1105 Speriae,

783 1119 824 1150 de
851 1127 917 1158 qua
935 1119 1100 1150 oriundus
1123 1119 1251 1157 existit,
1277 1119 1454 1150 Caturcen.
1483 1119 1543 1156 di.,
1562 1119 1650 1150 infra
1668 1118 1797 1150 limites
1815 1118 1951 1158 paroch.
1975 1118 2070 1156 eccl„
2099 1118 2272 1159 prioratus
2297 1118 2395 1150 dictae

783 1173 884 1210 villae,
899 1172 970 1203 ord.
986 1173 1151 1210 Cluniac.,
1165 1181 1268 1204 unam
1285 1173 1452 1212 capellam
1469 1174 1546 1204 ante
1560 1172 1727 1212 hospitale
1743 1180 1932 1212 pauperum
1947 1172 2045 1205 dictae
2062 1171 2154 1203 villae
2166 1180 2244 1204 cum
2257 1171 2392 1204 duobus

783 1226 960 1262 altaribus,
977 1235 1044 1257 uno
1061 1226 1218 1257 videlicet
1235 1226 1277 1257 ad
1291 1226 1427 1257 laudem
1447 1227 1486 1258 B.
1508 1226 1552 1257 M.
1570 1226 1726 1266 Virginis
1749 1227 1782 1257 et
1797 1226 1905 1257 altero
1922 1225 1964 1256 ad
1978 1225 2144 1257 honorem
2168 1225 2201 1257 b.
2222 1225 2395 1258 Martialis

783 1279 851 1319 ep.i
869 1281 901 1310 et
919 1279 1135 1311 confessoris.
1157 1279 1210 1319 (A.
1227 1281 1278 1317 29,
1298 1280 1320 1310 f.
1339 1281 1400 1311 666
1416 1279 1448 1316 ¹³3
1471 1279 1504 1311 V.
1521 1281 1572 1316 86,
1591 1288 1644 1320 ep.
1660 1280 1747 1318 381.)

828 1330 949 1362 40471
960 1356 967 1362 .
986 1350 1023 1354 —
1039 1333 1123 1374 May.
1142 1333 1237 1364 Petro
1251 1333 1288 1364 de
1307 1332 1539 1375 Campanltaco,
1556 1333 1670 1364 rectori
1683 1333 1815 1374 paroch.
1836 1332 1909 1364 eccl.
1925 1342 1951 1364 ε.
1968 1332 2057 1363 Petri
2071 1331 2109 1363 dc
2122 1331 2226 1363 Monte
2242 1331 2396 1364 Draconis

783 1390 846 1418 ets.
863 1386 1024 1417 Michaelis
1037 1386 1075 1417 de
1082 1386 1192 1425 Bosco,
1211 1387 1340 1417 invicem
1351 1397 1556 1425 annexarum,
1573 1386 1713 1418 Castren.
1731 1386 1789 1423 di.,
1802 1396 1898 1428 papa·
1909 1386 2067 1427 scriptori,
2082 1385 2226 1418 facultas
2234 1386 2395 1418 testandi.

786 1440 838 1478 (Α.
861 1442 911 1478 29,
936 1440 958 1470 f.
977 1442 1037 1472 616
1052 1440 1082 1477 1>;
1108 1440 1139 1471 V.
1158 1442 1209 1476 86,
1229 1449 1281 1480 ep.
1302 1442 1407 1480 1015.)

827 1490 964 1522 40472.
983 1512 1022 1516 -—
1040 1494 1156 1525 Vacat.

828 1597 965 1629 40473.
982 1617 1021 1622 -
1035 1600 1164 1640 Huyoni
1176 1599 1290 1638 Isarni,
1310 1600 1389 1631 cler.
1406 1609 1472 1631 non
1488 1600 1666 1640 conjugato
1681 1600 1791 1631 necin
1804 1599 1912 1631 sacris
1929 1599 2000 1630 ord.
2015 1598 2201 1630 constituto
2215 1598 2394 1630 Caturcen.

783 1653 844 1691 di.,
862 1662 954 1685 conc.
971 1653 1213 1684 tabellionatus
1228 1654 1297 1690 off„
1317 1662 1393 1684 cum
1410 1654 1519 1684 forma
1531 1653 1717 1693 juramenti
1735 1652 1912 1684 fidelitatis
1930 1653 1973 1684 R.
1989 1652 2029 1683 Ε.
2047 1651 2090 1683 ab
2105 1652 2180 1692 ipso
2195 1651 2394 1692 praestandi.

783 1708 835 1747 (A.
854 1709 904 1741 29,
923 1707 945 1738 f.
964 1708 1022 1739 133
1041 1707 1069 1743 ¹³;
1093 1707 1126 1737 V.
1143 1707 1194 1744 86,
1214 1715 1266 1747 ep.
1286 1708 1392 1745 1018.)

828 1757 965 1789 40474.
985 1768 1022 1783 ·-
1041 1761 1126 1801 May.
1149 1759 1295 1791 Monaldo
1318 1760 1354 1790 de
1374 1759 1565 1797 Castrotino,
1583 1760 1720 1790 sacristae
1738 1759 1810 1789 eccl.
1834 1759 1985 1797 Oscensis,
2005 1759 2176 1790 destinato
2192 1767 2211 1790 a
2226 1759 2320 1799 Papa
2333 1767 2396 1798 pro

782 1814 1024 1853 recuperandis
1046 1813 1146 1844 bonis
1166 1822 1240 1853 quae
1256 1813 1393 1844 fuerunt
1407 1813 1440 1843 b.
1462 1822 1507 1844 m.
1526 1813 1668 1849 Garsiae,
1686 1813 1755 1852 ep.i
1772 1813 1957 1853 Aquensis,
1980 1813 2162 1844 mandatur
2181 1814 2218 1844 ut
2239 1811 2395 1844 absolvat

781 1867 939 1898 Garsiam
958 1867 1099 1898 Arnaldi
1113 1867 1154 1898 de
1171 1867 1275 1904 Mota,
1294 1866 1526 1904 domicellum,
1546 1866 1588 1897 ab
1601 1875 1728 1898 excom.
1748 1866 1916 1898 sententia
1934 1866 2072 1897 incursa
2087 1875 2130 1897 ex
2146 1874 2185 1897 eo
2201 1865 2293 1906 quod
2304 1874 2394 1897 acce-

781 1921 890 1960 pisset
907 1922 965 1952 120
980 1920 1147 1951 librarum
1173 1920 1422 1955 turonensium,
1450 1920 1517 1960 ipsi
1537 1920 1788 1960 assignatarum
1810 1921 1948 1960 propter
1971 1919 2136 1959 obsequia
2159 1919 2315 1959 impensa
2334 1927 2395 1959 per

781 1983 866 2004 xv111
884 1983 990 2005 annos
1005 1974 1114 2005 eidem
1131 1974 1302 2013 episcopo,
1320 1975 1441 2013 patruo
1460 1982 1534 2010 suo,
1553 1973 1595 2005 ab
1609 1973 1850 2005 executoribus
1866 1973 2062 2005 testamenti
2079 1972 2231 2013 episcopi
2243 1972 2394 2004 defuncti

781 2029 814 2058 et
827 2027 1056 2067 burgensibus
1070 2028 1199 2067 Aquen.
1219 2027 1271 2067 (A.
1291 2029 1343 2064 29,
1365 2027 1386 2057 f.
1405 2028 1465 2058 637
1478 2032 1507 2063 ει;
1528 2026 1560 2057 V.
1580 2028 1631 2063 86,
1653 2036 1705 2066 ep.
1723 2028 1829 2065 1021.)

826 2078 963 2109 40475.
986 2099 1024 2103 —
1049 2081 1215 2121 Arckiep.o
1230 2081 1363 2111 Januen.
1384 2081 1496 2111 mand.
1515 2089 1576 2119 pro
1593 2080 1744 2119 dispens.
1763 2089 1866 2120 super
1885 2086 1933 2111 1v⁰
1950 2079 2042 2111 affin.
2064 2080 2171 2120 gradu
2188 2080 2224 2110 in
2239 2079 2390 2111 matrim.

777 2134 846 2174 jam
865 2136 1037 2166 contracto
1054 2135 1142 2165 inter
1157 2134 1364 2174 Angelinum
1383 2134 1533 2164 Panzani
1561 2135 1593 2164 et
1617 2134 1815 2169 Claffixiam,
1835 2135 1947 2165 natam
1970 2134 2095 2173 quond.
2117 2133 2308 2164 Bertholini
2325 2132 2393 2164 Ma-

779 2188 862 2223 loni,
879 2189 971 2219 cives
988 2189 1131 2219 Januen.
1153 2188 1205 2226 (A.
1227 2189 1277 2224 29,
1301 2187 1323 2218 f.
1339 2188 1399 2218 626
1412 2186 1442 2223 ¹²;
1467 2186 1500 2218 V.
1520 2188 1572 2222 86,
1588 2196 1639 2226 ep.
1661 2187 1766 2226 1063.)

825 2239 961 2271 40476.
990 2259 1027 2263 —
1051 2241 1247 2281 Raymzmdo,
1259 2240 1451 2282 patriarchae
1467 2239 1732 2275 Jerosolimitano,
1753 2240 2022 2271 adminiStratori
2044 2240 2124 2271 eccl.
2149 2239 2340 2271 Nimocien.
2357 2239 2391 2270 in

779 2295 1018 2335 spiritualibus
1035 2296 1067 2325 et
1082 2294 1330 2334 temporalibus
1344 2303 1404 2333 per
1426 2294 1460 2325 S.
1475 2295 1515 2325 A.
1535 2294 1708 2333 deputato,
1724 2294 1838 2324 mand.
1855 2302 1915 2332 pro
1935 2294 2086 2333 dispens.
2103 2302 2206 2333 super
2219 2298 2273 2324 111⁰
2288 2294 2322 2324 et
2343 2298 2392 2324 1νο

779 2349 1000 2388 consanguin.
1018 2348 1180 2388 gradibus
1195 2349 1231 2379 in
1246 2348 1395 2379 matrim.
1412 2349 1582 2379 contracto
1597 2348 1686 2378 inter
1700 2347 1928 2379 Guillermum
1946 2347 1986 2378 de
2002 2346 2179 2383 Zibelleto,
2201 2347 2272 2378 mil.
2291 2346 2391 2378 Nico·

779 2402 878 2439 siem,
896 2404 927 2433 et
947 2402 1129 2441 quamdam
1147 2401 1326 2432 mulierem
1343 2401 1451 2440 ejusd.
1470 2401 1516 2432 di.
1535 2401 1589 2440 (A.
1609 2403 1659 2437 30,
1678 2401 1699 2431 ἰ.
1720 2402 1738 2432 7
1752 2406 1779 2437 ³;
1803 2400 1839 2432 V.
1861 2402 1911 2437 86,
1933 2409 1984 2440 ep.
2006 2401 2111 2439 1085.)

823 2453 961 2486 40477.
980 2473 1018 2478 -
1035 2456 1075 2486 Ν.
1094 2466 1122 2486 υ.
1140 2455 1303 2496 Philippo,
1321 2459 1394 2485 nato
1410 2454 1557 2495 Philippi
1571 2454 1640 2487 dmi
1655 2454 1868 2491 Fallcenstein,
1885 2459 1913 2484 et
1924 2465 1955 2486 n.
1971 2464 2011 2484 m.
2028 2453 2205 2489 Elisabeth,
2218 2459 2298 2484 nalae
2312 2463 2343 2484 n.
2358 2463 2387 2484 v.
2426 2493 2430 2496 ῃ

781 2509 891 2544 Ulrici,
911 2509 980 2540 dmi
995 2508 1032 2539 de
1047 2509 1172 2545 Anowe,
1193 2509 1369 2549 Maquntin.
1387 2508 1443 2545 di.,
1461 2509 1612 2547 dispens.
1632 2517 1734 2547 super
1754 2513 1802 2538 1v⁰
1819 2508 2040 2547 consanguin.
2059 2507 2167 2547 gradu
2185 2507 2220 2537 in
2238 2507 2387 2538 matrim.

777 2563 1015 2595 contrahendo.
1037 2563 1088 2601 (A.
1104 2564 1155 2599 30,
1171 2562 1194 2593 f.
1210 2564 1227 2593 7
1245 2567 1270 2598 ²¹3
1298 2562 1331 2593 V.
1351 2564 1402 2596 86,
1421 2570 1474 2601 ep.
1492 2563 1597 2600 1086.)

821 2617 832 2627 ‘
851 2614 986 2646 40478.
1010 2633 1048 2638 —-
1067 2616 1250 2646 Primicerio
1272 2615 1429 2652 Gaictan„
1449 2619 1477 2646 et
1501 2615 1690 2656 Raymundo
1713 2615 1748 2645 de
1768 2614 1871 2652 Casse,
1900 2625 1969 2645 can.
1995 2615 2168 2654 Linqonen.
2190 2613 2276 2650 eccl.,
2297 2606 2389 2655 atque

777 2670 910 2711 officiali
935 2670 1060 2701 Romen.
1088 2670 1247 2701 iteratum
1275 2669 1475 2700 mandatum
1498 2678 1559 2708 pro
1585 2668 1781 2700 executione
1808 2669 1984 2700 sententiae
2008 2669 2084 2699 latae
2109 2668 2224 2699 favore
2250 2667 2388 2699 Thomae

774 2724 878 2760 Galli,
897 2733 969 2755 can.
991 2724 1231 2758 Cenomanen„
1256 2724 1373 2753 contra
1393 2731 1481 2762 mag.
1501 2722 1729 2762 Reginaldum
1751 2722 1946 2761 Praepositi,
1968 2722 2048 2753 cler.
2078 2722 2234 2761 Bajocen.
2263 2721 2322 2758 di.,
2347 2720 2391 2752 ob

775 2777 918 2817 injurias
942 2776 983 2808 ab
998 2777 1073 2816 ipso
1090 2777 1123 2807 in
1141 2776 1268 2807 dictum
1290 2776 1454 2807 Thomam
1477 2776 1566 2816 apud
1581 2776 1733 2813 Petrum,
1756 2784 1870 2815 ep.um
1896 2775 2157 2811 Praenestinum,
2178 2776 2258 2805 tunc
2275 2783 2303 2804 s.
2324 2775 2389 2806 Pu·

775 2831 952 2867 dentianae,
965 2832 997 2861 et
1010 2831 1161 2867 Petrum,
1177 2839 1204 2860 s.
1217 2830 1378 2869 Stephani
1392 2830 1426 2860 in
1439 2829 1660 2860 Caeliomonte
1674 2828 1894 2868 presbyteros
1907 2828 2107 2865 cardinales,
2121 2829 2153 2859 et
2166 2827 2387 2867 quamplures

775 2884 862 2914 alios
888 2883 1046 2923 praelatos
1072 2884 1104 2914 et
1129 2883 1295 2922 quasdam
1317 2883 1405 2913 alias
1427 2891 1593 2922 personas
1620 2882 1782 2922 prolatas,
1811 2882 1966 2913 invocato
1990 2881 2093 2913 etiam
2119 2880 2247 2911 brachii
2272 2880 2387 2911 saecul.

774 2937 904 2968 anxilio
921 2938 1087 2976 quatenus
1107 2945 1191 2976 opus
1209 2936 1265 2967 sit.
1280 2935 1332 2974 (A.
1350 2937 1401 2972 30,
1419 2936 1441 2967 f.
1459 2937 1478 2966 8
1492 2940 1519 2973 ·;
1546 2935 1578 2965 V.
1595 2936 1645 2972 86,
1665 2944 1716 2975 ep.
1737 2935 1844 2974 1087.)
