2560 3476
326 315 388 346 296

360 403 463 429 Datum
482 394 664 428 A'venz'one.

403 716 440 743 14
451 715 520 750 jun.
539 714 627 742 1328.

394 763 481 795 (xv111
498 759 556 787 kal.
569 758 635 795 jul.)

357 806 403 833 Gr.
424 814 474 840 pro
494 813 570 840 pers.
590 804 669 832 card.

479 1360 517 1388 Ut
531 1368 555 1387 s.

480 1624 516 1651 Ut
533 1631 557 1651 s·

483 1997 519 2024 Ut
535 2005 559 2024 s.

428 2042 459 2070 T.
481 2042 527 2076 XI,
543 2041 616 2069 XIII.

481 2316 519 2344 Ut
536 2325 560 2344 s.

431 2362 463 2390 T.
479 2362 527 2396 XI,
539 2361 612 2389 XIII.

482 2478 519 2507 Ut
537 2487 564 2508 s.

433 2523 464 2551 T.
481 2523 526 2560 XI,
540 2523 614 2551 xm.

485 2691 522 2720 Ut
541 2699 568 2720 s.

451 2736 482 2764 T.
502 2735 596 2763 XXVI.

715 306 888 338 JOANNIS
912 305 1030 336 PAPAE
1052 305 1155 335 XXII.
1179 305 1428 343 (1316-1334).
1452 322 1490 327 —
1512 303 1700 334 LITTERAE
1722 303 1949 335 COMMUNES

755 499 898 529 tractum
922 504 1157 527 consummare
1176 494 1321 530 valeant,
1346 502 1413 525 non
1430 493 1518 524 obst.
1538 493 1628 533 quod
1645 498 1693 524 1v0
1708 493 1928 533 consanguin.
1952 492 2057 533 gradu
2075 492 2144 525 sint
2159 492 2203 524 ad
2218 492 2365 524 invicem

756 550 925 590 conjuncti
936 559 945 587 3
962 549 1170 580 habitatores
1189 548 1280 578 enim
1298 547 1448 578 civitatis
1467 546 1652 578 Januensis
1668 546 1751 578 adeo
1767 548 1848 578 sunt
1869 545 2177 586 consanguinitatis
2195 554 2256 578 seu
2271 545 2364 577 affin.

756 603 918 644 gradibus
935 601 1106 643 conjuncti
1125 601 1215 641 quod
1231 601 1289 632 vix
1312 600 1399 631 inibi
1418 600 1561 640 reperiri
1579 601 1724 640 possunt
1741 600 1798 639 qui
1822 599 2122 631 matrimonialiter
2142 599 2296 640 copulari
2311 607 2367 631 va-

756 658 860 694 leant,
878 656 1004 696 quibus
1020 655 1182 686 canonica
1198 663 1265 685 non
1288 653 1455 685 obsistant
1475 653 1731 697 impedimenta.
1749 653 1802 692 (A.
1818 654 1871 692 30,
1892 653 1915 684 f.
1932 654 1992 685 507
2013 658 2043 690 “;
2067 652 2103 685 V.
2122 653 2174 693 87,
2190 661 2243 692 ep.
2260 653 2366 692 2242.)

801 708 938 740 41571.
964 728 1001 732 -
1023 709 1155 739 Mathaeo
1172 718 1211 739 ss.
1227 707 1360 739 loannis
1377 711 1405 737 et
1418 706 1517 738 Pauli
1531 706 1635 748 presb.
1663 706 1749 738 card.
1771 706 1970 738 confirmata
1988 706 2051 739 fuit
2073 706 2274 738 commenda
2298 715 2367 738 mo-

758 764 897 796 nasterii
917 773 943 795 s.
971 762 1114 794 Joannis
1130 762 1165 792 in
1183 762 1311 798 Lamis,
1332 761 1485 796 eistete,
1508 761 1637 792 dudum
1655 761 1690 793 S.
1715 761 1767 797 Β.,
1794 761 1880 797 ord..
1898 760 2067 800 Sipontin.
2094 760 2154 796 di.‚
2183 760 2263 800 ipsi,
2287 761 2368 791 tunc

758 819 864 850 electo
880 817 1060 857 Sipontin.,
1081 816 1180 851 facta,
1198 815 1303 846 donec
1322 816 1484 854 praeesset
1501 814 1652 845 ecclesiae
1670 814 1870 854 Sipontinae,
1891 813 2061 845 nonobst.
2083 813 2174 854 quod
2189 813 2226 844 in
2241 813 2368 845 litteris

758 873 905 911 desuper
921 870 1082 902 confectIS
1101 869 1227 900 mentio
1248 877 1315 900 non
1333 869 1429 899 fieret
1447 868 1487 899 de
1503 867 1805 899 commissionibus
1822 877 1842 898 a
1857 867 1950 907 Papa
1972 867 2072 898 factis
2087 866 2258 907 quondam
2273 866 2367 899 Guil-

759 925 861 956 lelmo
879 925 919 955 de
935 924 1085 960 Balaeto,
1102 925 1182 954 tunc
1199 922 1338 957 viventi,
1359 922 1391 952 et
1410 921 1658 960 subsequenter
1675 929 1763 961 mag.
1781 920 1927 953 Geraldo
1945 920 1986 952 de
2000 920 2110 958 Valle,
2128 921 2210 952 tunc
2226 919 2366 960 Campa·

759 979 823 1010 niae
840 978 1085 1017 Maritimaeque
1103 975 1304 1011 rectoribus,
1327 984 1399 1015 cap.
1421 975 1521 1014 Papae
1537 976 1569 1006 et
1587 975 1621 1006 S.
1642 975 1682 1005 A.
1704 974 1738 1005 in
1757 974 1829 1005 illis
1847 973 2000 1014 partibus
2019 973 2162 1011 nuntiis,
2179 981 2282 1013 super
2296 980 2368 1014 per·

759 1031 926 1072 cipiendis
941 1030 1118 1071 ‘fructibus
1148 1029 1259 1069 ipsius
1287 1029 1432 1060 monast.
1458 1028 1500 1058 ad
1526 1037 1613 1067 opus
1637 1036 1779 1059 camerae
1804 1028 1899 1059 dictae
1920 1027 2018 1058 Sedis
2038 1028 2071 1059 et
2089 1026 2369 1068 gubernationem

759 1087 905 1116 monast..
926 1084 1105 1124 praelibati,
1126 1085 1263 1123 propter
1279 1091 1353 1122 quae
1369 1082 1410 1112 ab
1426 1082 1486 1112 illo
1501 1081 1560 1121 qui
1578 1081 1691 1112 locum
1708 1080 1841 1112 abbatis
1860 1081 1895 1111 in
1910 1081 2000 1112 dicto
2016 1081 2162 1112 monast.
2176 1079 2310 1112 tenebat
2326 1079 2368 1111 de

759 1138 955 1179 hujusmodi
969 1137 1168 1169 commenda
1183 1137 1292 1168 fuerat
1313 1136 1356 1167 ad
1379 1135 1501 1168 Sedem
1524 1135 1634 1166 eamd.
1659 1134 1782 1166 frivole
1799 1134 2020 1175 appellatum.
2040 1134 2126 1166 Cum
2143 1135 2257 1166 autem
2271 1133 2370 1165 dictae

760 1193 882 1224 litterae
900 1193 1037 1231 propter
1053 1189 1127 1230 ejus
1143 1189 1391 1230 promotionem
1408 1189 1448 1219 ad
1465 1189 1712 1220 cardinalatum
1729 1188 1924 1228 exspirasse
1941 1189 2137 1224 noscantur,
2153 1186 2369 1219 commenda-

760 1248 816 1278 tur
829 1246 859 1276 ei
874 1245 1000 1276 dietum
1018 1243 1262 1275 monasterium
1282 1251 1390 1282 usque
1407 1243 1450 1273 ad.
1464 1242 1562 1273 dictae
1577 1242 1675 1273 Sedis
1687 1241 1952 1281 beneplacitum.
1969 1241 2023 1281 (A.
2037 1242 2089 1279 30,
2105 1241 2129 1272 f.
2145 1241 2204 1272 163
2219 1239 2250 1278 ¹³3
2268 1239 2302 1271 V.
2316 1241 2369 1280 87,

761 1309 813 1340 ep.
834 1299 940 1337 2314.)
2342 1332 2346 1336 ,

807 1350 943 1382 41572.
964 1370 1001 1374 —-
1019 1350 1204 1391 Maryaretae
1226 1350 1384 1392 priorissae
1404 1354 1435 1380 et
1451 1359 1538 1381 conv.
1556 1355 1687 1380 monast.
1707 1359 1851 1380 sororum
1870 1349 1907 1379 de
1931 1348 2016 1379 Valle
2034 1347 2070 1380 S.
2092 1348 2150 1386 M„
2167 1357 2226 1390 per
2240 1346 2372 1387 prioris-

762 1417 827 1437 sam
844 1405 929 1436 soliti
949 1405 1034 1446 qub„
1056 1405 1217 1435 Treveren.
1244 1404 1302 1440 di.‚
1325 1403 1494 1434 secundum
1512 1403 1658 1434 instituta
1683 1407 1711 1433 et
1732 1402 1787 1433 sub
1805 1413 1880 1434 cura
1902 1402 2042 1443 fratrum
2066 1401 2100 1434 0.
2126 1401 2165 1433 Ρ.
2192 1400 2370 1437 viventium,

761 1460 885 1491 indult.
904 1460 940 1490 ut
955 1458 1098 1499 singulae
1113 1458 1344 1490 confessorem
1363 1458 1487 1497 eligere
1503 1457 1637 1497 possint
1653 1457 1712 1497 qui
1727 1457 1827 1497 ipsis,
1845 1456 1952 1487 semel
1965 1457 2091 1494 tamen,
2108 1455 2144 1487 in
2160 1454 2282 1487 mortis
2294 1453 2374 1487 uti·

762 1514 851 1549 culo,
870 1513 1005 1553 plenam
1028 1512 1181 1543 omnium
1206 1512 1420 1551 peccatorum
1443 1519 1585 1542 suorum
1612 1510 1854 1542 remissionem
1881 1510 2064 1542 concedere
2088 1509 2208 1549 possit.
2237 1508 2292 1549 (A.
2319 1509 2374 1546 30,

763 1568 787 1599 f.
804 1568 864 1599 574
880 1566 911 1603 ¹³5
937 1566 971 1597 V.
990 1568 1041 1604 87,
1059 1574 1111 1605 ep.
1130 1567 1238 1604 2350.)

807 1617 946 1650 41573.
963 1637 1002 1642 —
1015 1619 1125 1649 Priori
1138 1619 1279 1660 ⁸qenerali
1293 1623 1322 1649 et
1336 1618 1491 1659 fratribus
1505 1617 1572 1648 ord.
1591 1618 1623 1648 Ε
1624 1618 1803 1648 remitarum
1817 1627 1841 1650 s.
1861 1617 2032 1658 Augustini
2046 1624 2138 1648 conc.
2157 1617 2195 1648 ut
2209 1616 2245 1647 in
2260 1615 2377 1647 insula

764 1674 882 1715 Cypri,
896 1674 932 1705 in
950 1682 1017 1713 qua
1032 1682 1137 1704 unum
1153 1674 1288 1704 tantum
1302 1673 1414 1703 locum
1432 1672 1587 1711 ipsorum
1601 1671 1734 1703 ordinis
1748 1671 1883 1707 habent,
1901 1671 2053 1710 recipere
2067 1669 2202 1710 possint
2219 1669 2286 1701 duo
2301 1669 2378 1701 loca

763 1728 851 1767 ipsis
866 1736 886 1758 a
901 1736 933 1758 n.
951 1736 982 1757 V.
1004 1726 1197 1758 Raimundo
1215 1726 1255 1757 de
1271 1725 1462 1762 Antiochia,
1483 1725 1555 1756 mil.
1573 1724 1763 1760 Nicosien.‚
1781 1724 1905 1760 oblata,
1926 1723 2111 1755 dummodo
2131 1723 2176 1755 ad
2195 1722 2376 1755 arbitrium

764 1781 859 1812 Petri
882 1781 923 1811 de
939 1780 1070 1817 Mauso,
1088 1788 1161 1810 can.
1187 1779 1268 1810 eccl.
1292 1778 1479 1816 Nicosien„
1497 1779 1531 1809 et
1548 1778 1692 1809 Arnaldi
1715 1778 1756 1810 de
1773 1777 1941 1813 Fabricis,
1965 1777 2005 1809 O.
2026 1777 2065 1808 F.
2089 1776 2144 1815 Ρ.,
2163 1777 2200 1808 in
2220 1775 2377 1816 partibus

762 1834 834 1866 illis
854 1834 894 1865 A.
915 1834 949 1866 S.
967 1833 1170 1873 legatorum,
1190 1832 1397 1863 sufficientia
1417 1832 1487 1863 sint
1506 1841 1566 1871 pro
1589 1832 1736 1872 singulis
1759 1830 1984 1863 conventibus
2002 1830 2089 1862 inibi
2112 1829 2331 1870 deputandis,
2345 1830 2378 1862 et

766 1887 911 1928 quilibet
927 1887 1082 1926 ipsorum
1099 1886 1252 1918 locorum
1271 1886 1312 1917 ad
1329 1886 1614 1917 sustentationem
1640 1895 1688 1916 xii
1712 1885 1857 1921 fratrum
1874 1885 1916 1916 ad
1931 1884 2047 1916 minus
2067 1883 2235 1928 sufficiat.
2247 1883 2301 1924 (A.
2323 1884 2375 1923 ³0,

765 1941 788 1973 f.
802 1943 863 1973 607
880 1940 909 1978 ιη
935 1940 970 1972 V.
986 1941 1038 1978 87,
1057 1949 1110 1980 ep.
1130 1941 1238 1979 2448.)
1898 1931 1901 1933 ’

810 1991 949 2024 41574.
967 2011 1006 2016 —
1025 1994 1121 2024 Petro
1133 1993 1170 2023 de
1193 1993 1286 2023 Turri
1299 1993 1409 2033 gratia
1426 2001 1522 2033 exsp.
1540 1992 1652 2024 benef.
1669 2002 1696 2023 c.
1719 2001 1749 2024 c.
1771 1992 1825 2024 vel
1842 2001 1868 2023 s.
1890 2001 1932 2032 c.,
1948 1991 2083 2023 etiamsi
2099 1991 2304 2032 plebanatus
2316 1999 2379 2023 seu

765 2048 940 2088 prioratus
962 2047 1100 2084 existat,
1127 2047 1169 2078 ad
1188 2047 1302 2078 collat.
1328 2046 1491 2086 archiep.i
1513 2047 1546 2078 et
1568 2046 1710 2086 capituli
1733 2046 2040 2086 caesaraugustan„
2069 2054 2147 2077 cum
2171 2045 2379 2086 obligatione

767 2101 962 2133 dimittendi
987 2100 1216 2140 parochialem
1236 2100 1418 2132 ecclesiam
1444 2100 1566 2131 Turris
1590 2099 1788 2140 Nigrorum,
1809 2100 2104 2140 Caesaraugustan.
2124 2099 2184 2137 di.‚
2209 2099 2240 2130 si
2265 2098 2378 2132 benef.

765 2164 795 2186 c.
812 2164 853 2192 c.‚
870 2156 928 2186 aut
942 2154 1165 2195 plebanatum
1180 2162 1243 2185 seu
1259 2153 1450 2194 prioratum
1467 2153 1663 2185 obtinuerit.
1679 2170 1718 2175 -—
1729 2154 1756 2184 I.
1769 2162 1797 2185 e.
1812 2162 1857 2184 m.
1875 2162 1951 2194 ep.o
1967 2152 2197 2193 Segobricen.,
2213 2154 2248 2184 et
2263 2151 2381 2184 abbati

767 2210 914 2240 monast.
939 2217 967 2240 s.
992 2208 1135 2239 Joannis
1153 2208 1193 2239 de
1218 2207 1340 2245 Pinna,
1357 2207 1479 2239 Oscen.
1497 2207 1558 2246 di.‚
1579 2216 1617 2238 ac
1638 2207 1766 2239 archid.
1785 2207 1954 2239 Conchen.
1979 2207 2030 2245 (A.
2048 2207 2100 2244 31,
2121 2206 2144 2238 f.
2160 2208 2198 2238 91
2216 2210 2230 2225 ⁵
2237 2215 2247 2243 3
2271 2205 2308 2238 V.
2326 2207 2378 2245 87,

767 2271 820 2303 ep.
835 2263 943 2301 2766.)

813 2313 950 2345 4-1575.
970 2333 1009 2338 —
1025 2315 1158 2346 Roberco
1172 2315 1210 2345 de
1226 2314 1359 2347 Ciuitate
1374 2314 1497 2346 Sanctae
1515 2315 1623 2345 Mariae
1641 2323 1737 2355 prov.
1754 2323 1873 2347 canon.
1893 2315 1974 2347 eccl.
1997 2314 2184 2355 Tropensis
2200 2313 2264 2346 sub
2284 2322 2378 2354 exsp-

768 2369 871 2409 praeb.
894 2370 930 2401 et
946 2369 1039 2410 dign.
1058 2387 1096 2392 -
1114 2369 1140 2400 I.
1161 2377 1192 2400 e.
1216 2377 1260 2401 m.
1281 2369 1408 2401 Ursoni
1427 2370 1460 2400 et
1484 2368 1634 2400 Roberto
1660 2368 1842 2406 Minutulo,
1862 2368 2090 2409 Neapolitan„
2111 2377 2150 2399 ac
2172 2367 2316 2400 Nicolao
2339 2367 2381 2400 de

768 2423 913 2459 Fractis,
930 2423 994 2454 litt.
1012 2424 1122 2462 apost.
1143 2422 1334 2459 correctori,
1354 2422 1528 2454 patracen.
1550 2423 1632 2454 eccl.
1649 2431 1726 2466 can.
1748 2422 1801 2463 (A.
1819 2424 1871 2461 31,
1895 2422 1918 2454 f.
1940 2423 1999 2454 194
2015 2421 2046 2460 ὓς
2077 2421 2114 2454 V.
2136 2422 2188 2459 87,
2205 2430 2257 2462 ep.
2273 2422 2381 2461 2956.)

813 2473 951 2506 41576.
971 2494 1010 2499 -
1032 2476 1149 2507 Joanm‘
1170 2475 1302 2507 Winrici
1322 2475 1359 2506 de
1372 2475 1531 2517 ‘Holcdorp
1549 2476 1700 2516 provisio
1721 2485 1839 2508 canon.
1858 2476 1922 2508 sub
1937 2484 2031 2516 exsp.
2049 2475 2154 2516 praeb.
2171 2475 2252 2508 eccl.
2270 2475 2310 2507 B.
2333 2475 2379 2508 M.

769 2530 812 2561 ad
825 2530 961 2562 Gradus
977 2530 1154 2561 Colonien.
1170 2547 1209 2552 —
1224 2530 1251 2561 Ι.
1266 2538 1295 2561 e.
1313 2539 1358 2561 m.
1376 2530 1557 2562 scolastico
1577 2531 1610 2562 et
1627 2530 1842 2562 thesaurario
1856 2529 2091 2568 Wetzlarien.,
2115 2530 2298 2562 Treveren.
2317 2529 2380 2568 di.‚

770 2593 807 2615 ac
827 2591 914 2623 mag.
944 2583 1126 2615 Ambrosio
1151 2583 1192 2615 de
1215 2583 1432 2624 Lamayrola,
1456 2592 1529 2615 can.
1557 2583 1786 2616 Mediolanen.
1812 2584 1892 2616 eccl.
1916 2583 1969 2623 (A.
1993 2585 2045 2621 31,
2072 2583 2096 2615 f.
2122 2584 2181 2616 263
2209 2583 2240 2620 ¹’;
2273 2582 2307 2614 V.
2327 2576 2381 2623 88,

770 2646 822 2678 ep.
840 2637 947 2676 3112.)
2148 2669 2151 2672 ,

815 2688 915 2721 415⁷
920 2688 953 2720 7.
979 2708 1023 2713 -—-
1043 2690 1170 2721 Dec-ano
1193 2690 1226 2721 in
1241 2690 1417 2732 Ditkirqen,
1443 2690 1607 2722 Treveren.
1627 2690 1686 2729 di.‚
1706 2695 1736 2722 et
1762 2690 1895 2722 Henrico
1915 2690 1954 2722 de
1973 2690 2131 2730 Nassowe,
2153 2690 2326 2730 Colonien„
2346 2701 2381 2723 ac

733 2766 735 2769 v
770 2754 851 2786 may.
868 2744 1035 2775 Ambrosio
1058 2743 1096 2775 de
1117 2743 1318 2786 Lamayrola,
1337 2743 1547 2776 Mediolanum.
1573 2754 1641 2776 can.
1665 2743 1752 2783 eccl„
1776 2745 1889 2777 mand.
1911 2746 1949 2776 ut
1970 2745 2137 2777 Wernero
2155 2744 2196 2776 de
2218 2744 2382 2777 Racheim

767 2797 947 2830 conferant
961 2798 1166 2830 decanatum
1179 2798 1262 2830 eccl.
1285 2807 1313 2830 S.
1333 2798 1488 2831 Castoris
1505 2798 1541 2829 in
1562 2798 1790 2836 confluentia,
1814 2798 1999 2830 Treveren.
2017 2798 2076 2837 di.‚
2094 2798 2138 2830 de
2155 2798 2232 2838 jure
2247 2807 2319 2831 vac.
2339 2807 2382 2830 ex

768 2860 810 2883 eo
826 2851 918 2892 quod
932 2851 1019 2891 ipse,
1034 2851 1070 2882 in
1085 2851 1175 2883 dicta
1191 2851 1334 2884 ecclesia
1344 2860 1420 2884 can.
1434 2851 1582 2892 praeben.
1593 2853 1630 2884 et
1645 2852 1681 2883 in
1692 2851 1893 2884 diaconatus
1907 2852 1980 2885 ord.
1995 2852 2201 2884 constitutus
2214 2851 2379 2890 existens,

771 2904 999 2945 parochialem
1022 2904 1202 2936 ecclesiam
1226 2905 1262 2937 in
1283 2905 1515 2942 Bazzinheim,
1541 2905 1638 2937 dictae
1657 2905 1716 2942 di.‚
1739 2905 1900 2937 canonice
1920 2905 1986 2937 fuit
2006 2906 2186 2937 assecutus
2201 2905 2381 2946 ipsamque

771 2967 832 2998 per
848 2969 867 2989 x
884 2967 991 2990 annos
1003 2959 1118 2990 tenuit
1131 2958 1168 2990 in
1186 2959 1300 2999 presb.
1320 2968 1388 2991 non
1400 2960 1591 2999 promotus,
1611 2959 1769 3000 quodque
1795 2959 1832 2990 in
1853 2959 1972 2991 eodem
1990 2964 2026 2990 x⁰
2040 2967 2128 2991 anno
2143 2959 2272 2991 dictum
2286 2959 2382 2991 deca-

772 3013 889 3044 natum
915 3012 1058 3053 adeptus
1074 3012 1138 3045 fuit
1154 3014 1187 3045 et
1202 3022 1238 3045 se
1254 3013 1334 3045 fecit
1345 3013 1382 3045 in
1401 3013 1517 3054 presb.
1539 3013 1750 3054 promoveri,
1766 3021 1806 3045 ac
1827 3013 2007 3045 ecclesiam
2026 3013 2059 3044 et
2081 3012 2281 3045 decanatum
2298 3021 2381 3053 prae-
