2560 3476
211 421 316 450 Datum
337 414 521 449 Avenione.

258 842 298 870 26
315 843 385 870 maii
403 842 481 870 1328

252 886 308 923 (vu
331 886 390 914 kal.
405 886 483 923 jun.)

307 932 338 960 T.
360 932 431 959 XVI.

328 1110 365 1138 Ut
384 1118 408 1137 s.

182 1154 229 1182 Gr.
246 1154 281 1182 de
301 1154 399 1182 mand.
417 1153 480 1182 d.ni
498 1153 555 1182 vic.

307 1199 339 1227 T.
357 1198 430 1226 XVI.

271 1535 308 1564 Ut
323 1545 346 1564 s.
363 1552 398 1556 —
412 1536 461 1564 Gr.

275 2016 313 2045 Ut
332 2025 356 2044 s.
374 2032 408 2036 —
420 2017 468 2046 Gr.

328 2444 364 2473 Ut
385 2453 409 2473 s.

275 2869 312 2898 Ut
326 2878 351 2899 s.
369 2886 403 2891 —
415 2871 463 2898 Gr.

576 328 750 361 JOANNIS
773 329 892 360 PAPAE
913 329 1016 360 XXII.
1039 330 1290 370 (1316-1334).
1314 347 1353 352 —
1375 329 1562 360 LITTERAE
1585 328 1810 360 COMMUNES
2155 329 2216 360 275

612 520 736 559 Matha,
755 530 787 553 n.
805 531 837 552 v.
854 521 1017 553 Bernardi
1035 521 1171 553 comitis
1185 521 1352 553 Astariaci
1373 530 1469 558 uxor,
1494 522 1529 552 in
1545 521 1649 553 fundo
1665 516 1806 562 proprio
1821 522 1856 553 in
1873 521 1960 553 dicto
1975 523 2085 554 castro
2099 523 2218 554 funda-

612 574 673 611 vit,
690 574 816 615 quique
836 575 919 606 adeo
935 576 1050 607 arctus
1067 575 1185 606 existit
1204 575 1294 615 quod
1311 575 1436 607 fratres
1451 575 1486 606 in
1501 584 1541 607 eo
1558 574 1749 607 habitantes
1765 584 1832 607 non
1849 574 1973 607 habent
1990 575 2218 608 sufficientem

611 637 725 659 aream
743 637 803 668 pro
820 628 916 660 horto
933 630 965 660 et
980 637 1041 668 pro
1059 628 1268 663 aedificandis
1285 629 1320 660 in
1344 637 1383 660 eo
1403 628 1608 660 necessariis
1626 628 1796 667 officinis;
1817 629 1858 660 ad
1875 638 1977 669 quam
1991 630 2129 669 quidem
2149 639 2218 661 am-

612 681 811 720 pliationem
829 682 922 722 prior
937 682 1110 722 prioratus
1129 682 1210 713 dicti
1234 682 1349 720 castri,
1377 682 1517 714 Cisterc.
1540 682 1626 719 ord.‚
1652 683 1684 714 et
1709 682 1866 714 nonnulli
1889 682 1949 714 alii
1973 691 2009 714 se
2025 685 2218 723 opponunt,

613 734 826 775 supplicante
840 735 958 767 eodem
975 735 1110 767 comite.
1127 735 1180 776 (A.
1195 737 1247 773 31,
1264 735 1286 766 f.
1306 737 1365 767 386
1383 741 1410 773 ‘¹3
1435 735 1471 767 V.
1490 737 1542 773 88,
1555 745 1606 776 ep.
1623 737 1720 774 3408,
1745 735 1864 772 Eubel,
1880 735 2060 767 Baliarium
2076 736 2221 767 Francis-

613 798 736 826 canum,
755 789 779 819 t.
797 789 839 825 V,
853 797 886 829 p.
902 790 973 826 344,
989 798 1023 820 n.
1039 789 1125 829 708.)

658 839 797 872 41380.
815 859 852 865 --
870 841 994 873 Decano
1009 846 1037 872 et
1054 842 1193 884 capitulo
1209 842 1282 874 eccl.
1311 842 1518 875 Belvacensis.
1542 843 1734 875 Annotatur
1752 843 1922 883 quoddam
1942 844 2161 884 privilegium
2177 844 2220 876 fe.

614 904 661 927 re.
679 895 824 927 Honorii
840 895 942 935 Papae
955 895 1016 933 111,
1036 896 1152 927 datum
1168 896 1317 927 Viterbii
1331 905 1380 927 xu
1396 896 1465 928 kal.
1484 897 1573 936 junii
1599 897 1818 936 pontificatus
1835 897 1909 937 eJus
1933 906 2020 929 anno
2052 902 2109 936 1v⁰,
2134 898 2223 937 quod

611 948 816 989 jam'incipit
833 949 939 980 nimia
956 950 1126 980 vetustate
1143 949 1310 988 consumi,
1330 951 1363 981 et
1380 959 1447 989 quo
1465 950 1577 981 dictus
1593 950 1688 990 Papa
1709 944 1900 991 privilegia,
1920 951 2093 983 libertates
2113 953 2146 983 et
2161 952 2222 982 im-

614 1002 799 1034 munitates
815 1011 834 1033 a
849 1002 884 1033 b.
902 1011 947 1033 m.
966 1002 1142 1039 Ancelmo,
1161 1011 1248 1042 ep.o,
1266 1004 1330 1034 eta
1346 1003 1484 1040 Milone,
1498 1005 1578 1035 tunc
1595 1004 1702 1035 electo
1719 1004 1932 1043 Belvacensi‚
1945 1004 2032 1044 ipsis
2049 1013 2221 1043 concessa,

614 1055 884 1087 confirmaverat.
903 1055 957 1094 (A.
974 1057 1026 1095 30,
1043 1055 1066 1087 f.
1082 1057 1142 1088 360
1159 1055 1190 1094 »3
1214 1055 1247 1087 V.
1260 1057 1312 1094 86,
1331 1065 1383 1097 ep.
1402 1058 1507 1097 1820.)

659 1105 798 1138 41381.
815 1126 857 1131 —
870 1108 959 1150 Ep.o
977 1108 1180 1146 Archadien„
1204 1114 1234 1140 et
1247 1110 1351 1150 priori
1368 1110 1470 1142 saecul.
1488 1110 1522 1142 S.
1549 1110 1592 1141 M.
1612 1111 1756 1151 Major-is,
1779 1121 1815 1142 ac
1829 1112 2009 1153 primicerio
2022 1113 2058 1144 S.
2077 1113 2176 1144 Marci
2189 1114 2226 1145 de

616 1161 738 1194 Candia
759 1161 879 1194 Creten.
899 1161 970 1192 eccl.
991 1163 1104 1194 mand.
1124 1164 1161 1194 ut
1175 1172 1251 1203 ep.o
1269 1165 1301 1195 et
1316 1163 1481 1195 fratribus
1500 1164 1626 1196 Montis
1645 1165 1772 1204 Synay‚
1790 1165 1861 1197 ord.
1879 1166 1912 1198 S.
1934 1166 2068 1204 Basilii,
2083 1167 2224 1206 J'usiitiae

613 1216 901 1256 complementum
917 1211 1098 1247 exhibeant
1113 1225 1216 1256 super
1231 1225 1270 1248 eo
1285 1217 1375 1257 quod
1394 1217 1585 1257 archiep.us
1604 1218 1778 1250 Cretensis
1800 1220 1980 1259 pecuniam
1998 1222 2031 1252 et
2054 1221 2223 1259 candelas,

614 1278 689 1309 quae
706 1269 959 1300 distribuuntur
972 1278 1032 1309 pro
1049 1269 1227 1301 funeribus
1241 1270 1396 1302 fidelium
1412 1271 1648 1303 defunctorum
1664 1272 1721 1312 qui
1747 1272 1781 1303 in
1799 1273 1989 1304 caemeterio
2015 1274 2096 1305 eccl.
2115 1283 2142 1305 s,
2161 1275 2224 1306 Ca-

613 1322 755 1354 therinae
770 1323 811 1354 de
828 1323 963 1355 civitate
982 1323 1128 1362 Creten.,
1146 1324 1188 1355 ad
1206 1333 1263 1355 eos
1282 1325 1479 1364 spectantis,
1494 1325 1623 1365 eligunt
1638 1325 1789 1366 sepeliri,
1806 1335 1867 1366 per
1885 1327 2090 1363 sacerdotes,
2111 1328 2224 1359 subdi-

613 1377 668 1407 tos
686 1385 778 1414 suos,
797 1376 927 1417 percipi
943 1377 1023 1408 facit
1038 1379 1070 1409 et
1094 1386 1153 1409 eos
1180 1378 1351 1417 praedictis
1375 1378 1524 1411 candelis
1552 1379 1584 1410 et
1618 1380 1762 1419 pecunia
1782 1380 1937 1420 spoliari,
1962 1390 2169 1421 quamquam
2190 1382 2225 1413 id

613 1438 788 1470 nunquam
797 1438 858 1470 per
872 1430 1006 1471 aliquos
1021 1440 1062 1462 ex
1075 1431 1384 1471 praedecessoribus
1393 1433 1465 1463 suis
1478 1432 1661 1473 archiep.is
1678 1433 1824 1469 Creten„
1841 1434 1900 1474 qui
1914 1433 2052 1465 fuerunt
2068 1443 2129 1475 pro
2145 1436 2226 1466 tem-

613 1492 707 1524 pore,
726 1484 965 1524 attemptatum
981 1484 1095 1517 fuerit.
1115 1485 1166 1524 (A.
1182 1486 1235 1524 30,
1252 1486 1275 1517 f.
1292 1486 1353 1517 384
1368 1485 1397 1523 ¹³3
1425 1485 1457 1517 V.
1472 1487 1524 1524 86,
1540 1495 1592 1526 ep.
1612 1487 1716 1526 1863.)

661 1534 797 1566 41382.
815 1556 853 1561 -
871 1537 999 1569 Eisdem
1015 1539 1129 1570 mand.
1147 1540 1182 1570 ut
1198 1548 1274 1580 ep.o
1291 1541 1323 1571 et
1339 1539 1502 1571 fratribus
1517 1540 1688 1580 praedictis
1703 1541 1845 1581 J'ustitiae
1864 1542 2151 1581 complementum
2169 1551 2223 1574 ex-

613 1590 752 1622 hibeant
772 1599 874 1630 super
892 1600 931 1623 eo
954 1592 1055 1632 quod,
1075 1595 1113 1624 ut
1135 1594 1378 1633 exposuerunt,
1395 1593 1428 1625 b.
1448 1603 1494 1626 m.
1514 1594 1706 1634 archiep.us
1729 1595 1877 1633 Creten„
1899 1596 2079 1635 proximus
2101 1596 2227 1636 praede-

615 1653 730 1676 cessor
745 1644 934 1676 Alexandri
950 1645 1114 1686 archiep.i
1129 1646 1276 1683 Creten„
1293 1647 1352 1687 qui
1365 1656 1455 1678 nunc
1468 1649 1528 1684 est,
1539 1648 1722 1688 quamdam
1735 1649 1814 1680 eccl.
1829 1649 1929 1680 sitam
1942 1649 1977 1680 in
1989 1650 2135 1689 quodam
2153 1650 2226 1681 loco

614 1698 737 1729 insulae
755 1698 941 1736 Cretensis,
959 1699 1144 1739 vulgariter
1164 1700 1252 1732 dicto
1264 1700 1420 1740 Quinque
1437 1700 1566 1739 buccis,
1583 1702 1616 1733 et
1632 1702 1815 1733 nonnullas
1827 1704 1934 1734 terras
1951 1703 1992 1734 ad
2004 1703 2130 1734 dictam
2144 1703 2225 1735 eccl.

614 1751 751 1791 pertin„
770 1760 855 1791 quas
869 1751 937 1791 ipsi
954 1761 1051 1792 epus
1068 1754 1101 1784 et
1123 1753 1247 1784 fratres
1266 1753 1459 1785 habuerunt
1474 1756 1507 1786 et
1522 1754 1657 1792 habent,
1677 1755 1882 1795 quibusdam
1898 1765 1940 1787 ex
1955 1757 2040 1796 ipsis
2063 1757 2227 1788 fratribus

617 1812 659 1835 ex
676 1804 726 1836 eis
739 1804 903 1844 expulsis,
921 1806 1097 1845 occupavit
1111 1814 1172 1845 per
1186 1807 1385 1838 violentiam
1403 1808 1435 1838 et
1459 1809 1493 1839 in
1514 1808 1565 1839 eis
1581 1808 1700 1839 vineas
1715 1809 1862 1849 plantari
1879 1809 1968 1842 fecit.
1989 1810 2156 1841 Praefatus
2172 1819 2227 1841 au-

616 1858 686 1889 tem
704 1857 909 1896 Alexander,
929 1858 1076 1890 scienter
1092 1859 1271 1891 ecclesiam
1287 1861 1318 1891 et
1340 1862 1450 1891 terras
1474 1861 1655 1900 praedictas
1673 1871 1854 1902 occupans,
1874 1871 1933 1894 eas
1947 1863 1989 1894 ab
2006 1863 2099 1894 obitu
2115 1864 2227 1904 ipsius

615 1911 877 1950 praedecessoris
891 1911 1037 1943 detinuit
1059 1913 1092 1944 et
1107 1913 1215 1944 adhuc
1238 1914 1366 1945 detinet
1388 1915 1504 1945 contra
1525 1915 1695 1955 ‚iustitiam
1715 1917 1906 1956 occupatas.
1934 1917 1989 1957 (A.
2007 1918 2057 1954 30,
2078 1917 2100 1948 f.
2119 1918 2179 1948 384
2195 1916 2227 1953 ¹³3

618 1963 652 1996 V.
670 1965 720 2002 86,
745 1973 797 2005 ep.
817 1966 923 2005 1864.)

662 2014 798 2047 41383.
814 2036 855 2041 -
869 2018 1039 2060 Archiep.o
1055 2019 1194 2051 Cretensi
1210 2021 1322 2052 mand.
1341 2022 1378 2053 ut
1396 2029 1472 2061 ep.o
1488 2023 1520 2053 et
1539 2022 1703 2054 fratribus
1719 2023 1891 2063 praedictis
1907 2023 2063 2055 restituat
2083 2026 2140 2056 150
2155 2033 2229 2064 per-

617 2080 730 2111 paros,
746 2081 832 2112 quos
848 2072 980 2104 ratione
995 2074 1175 2114 cujusdam
1192 2074 1394 2106 ecclesiae·et
1421 2075 1565 2107 aliorum
1589 2075 1756 2107 bonorum
1780 2077 2041 2109 consistentium
2059 2078 2095 2109 in
2114 2078 2228 2109 insula

617 2125 751 2157 Creten.
770 2127 803 2157 et
821 2126 863 2157 ad
879 2135 997 2158 eorum
1016 2127 1207 2166 ecclesiam,
1232 2128 1266 2159 in
1293 2128 1455 2160 honorem
1476 2131 1508 2160 et
1530 2129 1594 2160 sub
1615 2130 1780 2162 vocabulo
1798 2130 1905 2163 beatae
1923 2131 2114 2163 Catherinae
2131 2141 2225 2163 cons-

617 2179 776 2217 tructam,
797 2180 1023 2220 spectantium
1042 2181 1155 2221 exegit
1171 2184 1203 2214 et
1228 2182 1374 2222 recepit;
1398 2191 1473 2214 cum
1492 2183 1693 2215 inhibitione
1716 2185 1754 2215 ut
1778 2193 1797 2215 a
1818 2184 1946 2216 talibus
1969 2185 2005 2216 in
2021 2185 2174 2217 futurum
2193 2194 2230 2217 se

621 2232 801 2269 abstineat,
818 2242 896 2265 nam
912 2242 971 2274 per
988 2235 1132 2274 speciale
1157 2235 1376 2275 privilegium
1393 2236 1551 2277 Gregorii
1580 2237 1682 2277 Papae
1711 2246 1827 2269 eorum
1849 2239 2001 2270 ecclesiae
2030 2248 2231 2271 concessum

613 2286 731 2318 extitit
747 2287 784 2318 ut
799 2287 840 2318 ad
858 2287 1065 2319 solutionem
1080 2288 1233 2328 cujusvis
1250 2289 1501 2329 procurationis
1519 2291 1573 2322 vel
1589 2291 1778 2323 exactionis
1795 2292 2002 2332 Apostolicae
2020 2293 2099 2325 Sedi
2117 2293 2171 2324 vel
2186 2293 2232 2325 le-

614 2340 702 2380 gatis
715 2339 838 2380 ipsius,
856 2349 916 2372 seu
929 2340 1110 2381 quibusvis
1125 2342 1309 2382 archiepis
1324 2343 1379 2374 vel
1394 2344 1494 2384 ep.is,
1511 2353 1571 2384 pro
1587 2345 1688 2376 rebus
1702 2346 1735 2377 et
1750 2345 1850 2377 honis
1862 2346 1953 2383 suis,
1968 2346 2110 2378 minime
2123 2348 2234 2378 tenea-

612 2394 679 2424 tur.
697 2393 751 2430 (A.
768 2394 819 2432 30,
836 2394 860 2425 f.
880 2394 939 2426 384
955 2394 984 2432 ι’;
1009 2394 1042 2425 V.
1061 2396 1113 2433 86,
1129 2404 1181 2436 ep.
1200 2396 1307 2437 1865.)

659 2443 797 2476 41384.
815 2465 853 2470 —
875 2447 1013 2490 Huqoni,
1036 2449 1103 2490 φερέ
1131 2449 1233 2491 Cipri,
1250 2450 1438 2483 hortatoria
1454 2453 1491 2483 ut
1504 2452 1682 2484 moderare
1702 2453 1839 2484 studeat
1856 2454 2036 2493 quamdam
2053 2454 2236 2486 ordinatio-

614 2509 690 2532 nem
706 2501 896 2541 peripsum
913 2510 974 2533 seu
991 2502 1032 2534 de
1051 2503 1125 2543 ejus
1143 2504 1302 2535 mandato
1328 2504 1464 2543 factam,
1493 2505 1528 2536 in
1546 2515 1613 2546 qua
1641 2506 1807 2538 contineri
1836 2507 1964 2538 dicitur
1990 2509 2027 2539 ut
2046 2507 2237 2539 dominium

615 2554 875 2594 possessionum
889 2554 978 2587 intra
995 2555 1144 2588 insulam
1163 2557 1257 2597 Cipri
1275 2558 1474 2597 positarum,
1498 2568 1572 2599 quae
1586 2569 1647 2600 per
1661 2560 1915 2592 Christifideles
1934 2569 2010 2601 ep.o
2027 2563 2059 2592 et
2075 2561 2239 2592 fratribus

615 2607 822 2647 supradictis
836 2608 923 2640 inter
939 2609 1037 2641 vivos
1054 2610 1224 2642 donantur
1241 2620 1302 2642 seu
1322 2611 1359 2643 in
1378 2612 1513 2644 ultimis
1528 2613 1767 2645 defunctorum
1787 2614 2020 2646 voluntatibus
2040 2614 2238 2654 relinquun-

614 2662 682 2696 tur,
698 2661 855 2701 personis
869 2662 1092 2695 saecularibus
1108 2664 1335 2703 adscribatur,
1355 2665 1525 2698 fructibus
1537 2667 1651 2698 tamen
1668 2668 1701 2699 et
1717 2667 1909 2699 redditibus
1921 2667 2075 2708 ipsarum
2091 2676 2151 2707 per
2162 2676 2237 2699 eos-

616 2714 693 2746 dem
711 2715 953 2755 percipiendis,
980 2716 1078 2757 quus
1107 2718 1334 2750 ordinationis
1357 2720 1525 2759 praetextu
1542 2720 1696 2752 haeredes
1715 2721 1912 2752 earumdem
1926 2729 2150 2760 personarum
2168 2729 2237 2752 non

615 2767 728 2799 solum
746 2768 789 2799 ad
801 2769 1059 2809 proprietatem,
1083 2770 1143 2802 sed
1161 2771 1264 2803 etiam
1288 2772 1330 2803 ad
1354 2781 1456 2803 usum
1484 2773 1657 2805 fructuum
1674 2773 1829 2814 ipsarum
1845 2774 2103 2814 possessionum
2119 2774 2235 2805 exten-

615 2820 699 2852 dunt
716 2821 835 2853 illicite
848 2831 971 2854 manus
985 2832 1077 2854 suas.
1093 2823 1147 2864 (A.
1163 2825 1216 2860 30,
1235 2824 1260 2855 f.
1275 2826 1335 2856 385
1352 2830 1380 2863 ἃς
1401 2825 1436 2857 V.
1454 2827 1506 2863 86,
1523 2835 1574 2866 ep.
1591 2828 1695 2866 1866.)

661 2870 799 2905 41385.
814 2893 853 2898 -
869 2875 1048 2907 Bertrando
1063 2877 1214 2914 notandi,
1232 2888 1302 2909 can.
1335 2878 1507 2917 Vivarien.‚
1531 2880 1564 2910 in
1591 2879 1736 2921 partibus
1760 2879 1954 2911 Venetiarum
1972 2879 2069 2921 Papae
2093 2883 2122 2910 et
2138 2880 2177 2910 A.
2196 2880 2233 2911 S.

619 2927 744 2964 nuntio,
760 2928 874 2960 mand.
893 2931 929 2961 ut
946 2929 1102 2961 absolvat
1119 2930 1311 2969 Nicolaum,
1331 2931 1461 2964 dictum
1476 2932 1576 2971 Li0n‚
1603 2933 1643 2964 de
1662 2933 1769 2968 Acon,
1786 2933 1924 2970 laicum,
1941 2933 2022 2964 olim
2040 2933 2108 2973 ep.i
2122 2934 2154 2964 et
2171 2933 2237 2965 fra-

605 2981 708 3011 trum
723 2981 962 3020 praedictorum
980 2985 1254 3022 procuratorem,
1272 2984 1308 3015 in
1322 2985 1423 3016 dictis
1439 2985 1595 3024 partibus
1612 2987 1888 3021 commorantem,
1909 2985 1951 3017 ab
1966 2986 2223 3019 excommunica
