2606 3490
386 340 427 371 52

420 427 523 454 Datum
541 421 723 455 Avenione.

460 743 501 771 29
517 746 570 770 oct.
591 741 678 769 1327.

465 787 507 822 (ιν
521 786 580 814 kei.
595 786 675 821 nov.)

529 832 559 858 T.
574 831 606 859 L.

530 902 565 930 Ut
583 910 606 929 s.

515 947 546 974 T.
565 947 620 973 XX.

515 1159 546 1187 T.
563 1135 621 1187 XX.

528 1275 563 1302 Ut
579 1283 602 1302 s.

513 1320 543 1347 T.
563 1320 618 1347 XX.

528 1489 565 1516 Ut
582 1497 605 1515 s.

477 1534 508 1562 T.
526 1534 573 1568 XI,
588 1534 659 1561 XIII.

528 1703 564 1730 Ut
581 1711 604 1730 s.

474 1748 504 1775 T.
522 1748 568 1782 XI,
587 1748 658 1775 XIII.

525 1970 560 1998 Ut
581 1979 603 1997 s.

420 2014 451 2042 T.
470 2015 504 2042 XI
519 2014 564 2049 ¹l2,
583 2016 644 2043 XIII
661 2016 708 2050 ¹l2.

527 2291 563 2318 Ut
581 2299 604 2318 s.

495 2335 525 2362 T.
544 2336 638 2365 XXIV.

525 2771 562 2799 Ut
581 2780 605 2799 s.

475 2815 506 2843 T.
525 2816 571 2851 XI,
586 2817 659 2845 XIII.

783 333 956 366 JOANNIS
979 332 1098 364 PAPAE
1119 331 1222 362 XXII.
1246 330 1494 369 (1316-1884).
1516 348 1555 353 —
1578 328 1766 359 LITTERAE
1788 328 2015 362 COMMUNES

813 529 914 556 noten.
932 525 988 562 di.,
1007 524 1188 559 indultum,
1208 523 1337 554 consid.
1363 521 1475 553 Caroli
1493 521 1534 552 R.
1550 521 1587 552 F.
1607 522 1640 552 et
1660 521 1717 558 N.,
1741 522 1792 556 ut,
1809 521 2090 562 quotiescumque
2111 522 2247 563 aliquas
2264 522 2300 554 in
2326 522 2418 554 dicto

812 579 1018 610 monasterio
1034 578 1067 609 in
1080 585 1214 609 sorores
1227 576 1280 607 vel
1292 575 1440 607 novitias
1459 573 1565 613 recipi
1584 574 1776 614 contigerit,
1791 574 1885 615 prior
1900 575 1955 606 vel
1968 575 2043 616 ejus
2059 575 2173 608 locum
2182 578 2306 608 tenens
2322 576 2362 608 Ο.
2375 575 2416 608 Ρ.

812 634 844 665 et
859 634 928 663 tres
946 633 1003 662 aut
1021 632 1138 671 plures
1157 630 1338 671 propinqui
1356 629 1452 659 illius
1468 627 1597 659 sororis
1613 636 1688 668 quae
1701 627 1897 668 recipietur,
1911 628 2042 660 dictum
2057 631 2203 662 monast.
2222 630 2352 662 intrare
2365 638 2420 662 va-

811 687 912 717 leant.
931 685 985 725 (A.
1003 687 1054 720 29,
1076 685 1098 715 f.
1113 686 1172 715 295
1191 683 1220 719 ¹‘;
1243 683 1278 714 V.
1296 684 1347 719 85,
1364 691 1416 721 ep.
1432 681 1518 722 351.)

856 734 995 766 30222.
1015 754 1052 758 -
1075 734 1186 767 Carolo
1206 735 1241 765 R.
1269 734 1307 765 F.
1325 738 1352 763 et
1373 733 1413 764 N.
1432 732 1603 764 indultum
1630 733 1668 764 ut
1695 734 1840 765 monast.
1865 733 2075 774 praedictum,
2099 743 2119 766 a
2142 735 2420 775 progenitoribus

812 790 922 830 ipsius
947 789 1136 825 fundatum,
1157 789 1285 818 intrare
1309 788 1342 818 et
1364 786 1443 817 aliis
1466 786 1507 817 de
1526 795 1648 826 genere
1664 795 1726 818 suo
1745 787 1895 818 intrandi
1914 787 2089 819 licentiam
2105 788 2275 828 impertiri
2292 789 2418 821 valeat.

814 843 866 881 (A.
884 844 935 880 29,
950 843 973 873 f.
990 844 1049 874 309
1067 842 1096 878 ¹¹;
1119 841 1154 872 V.
1172 843 1223 879 85,
1239 849 1292 880 ep.
1310 840 1399 879 360.)

855 893 990 925 30223.
1009 914 1047 919 -
1072 896 1233 925 Priorissae
1250 899 1279 925 et
1302 904 1386 925 conv.
1406 893 1537 934 praefati
1553 894 1733 924 monasterii
1754 894 1899 926 facultas
1916 897 1954 926 ut
1971 895 2139 934 priorissa
2156 897 2190 927 et
2205 896 2300 936 prior
2316 896 2356 928 Ο.
2378 895 2418 928 Ρ.

811 950 975 981 fratribus
991 949 1072 981 dicti
1096 949 1227 980 ordinis
1251 950 1282 979 et
1307 947 1531 978 saecularibus
1555 948 1712 988 personis
1734 948 1909 980 licentiam
1924 949 2251 989 valeant‘impertiri
2269 949 2422 981 intrandi

810 1004 1009 1043 praedictum
1027 1004 1189 1039 monast„
1204 1001 1487 1042 quotiescumque
1514 1001 1638 1033 fratres
1654 1002 1709 1032 vel
1735 1011 1871 1034 sorores
1889 1004 1946 1034 aut
1963 1002 2051 1033 alias
2068 1011 2233 1043 personas
2250 1003 2286 1034 in
2302 1003 2421 1035 eodem

811 1057 1016 1088 monasterio
1033 1056 1170 1096 sepeliri
1189 1055 1378 1095 contigerit.
1400 1054 1452 1094 (A.
1472 1055 1525 1093 29,
1542 1055 1566 1086 f.
1583 1057 1645 1087 319
1662 1055 1691 1093 ¹³3
1710 1055 1746 1087 V.
1762 1057 1815 1093 85,
1833 1065 1885 1096 ep.
1901 1058 1988 1095 367.)

855 1107 992 1140 30224.
1015 1128 1050 1132 -
1071 1109 1200 1140 Eisdem
1222 1109 1393 1140 indultum
1418 1110 1456 1140 ut
1474 1109 1597 1140 medici
1620 1109 1663 1140 ad
1678 1109 1890 1142 visitandum
1914 1111 2059 1150 aegrotas
2075 1112 2108 1142 et
2126 1110 2248 1142 fratres
2267 1111 2307 1143 Ο.
2322 1110 2360 1143 Ρ.
2378 1109 2422 1142 ad

811 1164 1015 1195 audiendum
1040 1163 1290 1195 confessionem
1313 1163 1510 1194 earumdem
1535 1164 1736 1203 aegrotarum
1758 1164 1939 1204 praefatum
1961 1165 2106 1196 monast.
2125 1164 2254 1196 intrare
2271 1164 2420 1196 valeant.

812 1218 863 1257 (A.
880 1219 930 1253 29,
948 1219 971 1249 f.
987 1219 1043 1248 321
1064 1217 1092 1254 bg
1116 1217 1152 1248 V.
1171 1218 1221 1254 85,
1243 1225 1294 1256 ep.
1311 1217 1397 1255 369.)

856 1269 992 1301 30225.
1011 1289 1049 1294 —
1065 1271 1158 1301 Petro
1174 1281 1197 1301 s.
1218 1270 1372 1301 Susannae
1388 1270 1493 1311 presb.
1514 1269 1599 1301 card.
1617 1270 1761 1302 facultas
1776 1271 1963 1311 recipiendi
1983 1271 2251 1312 resignationem
2267 1271 2308 1303 de
2325 1279 2422 1303 eano-

810 1325 935 1360 nicam,
954 1325 1056 1364 praeb.
1072 1334 1109 1355 ac
1132 1324 1311 1355 scolastria
1328 1324 1409 1355 eccl.
1433 1324 1694 1355 Aurelianensis
1714 1333 1733 1355 a
1753 1324 1968 1356 Godemardo
1982 1325 2023 1357 de
2040 1325 2190 1357 Lineriis
2208 1325 2399 1357 faciendam
2410 1333 2420 1362 ;

811 1388 877 1410 non
898 1379 985 1410 obst.
1005 1379 1094 1418 quod
1113 1378 1153 1409 de
1169 1378 1260 1409 dicta
1281 1377 1460 1409 scolastria
1475 1377 1712 1409 Godemardus
1734 1378 1770 1409 in
1788 1378 1883 1410 curia
1900 1387 2041 1410 romana
2058 1379 2154 1411 litem
2170 1378 2329 1410 habuerit
2344 1387 2422 1410 cum

810 1433 993 1464 Guillelmo
1008 1432 1198 1469 Bertrandi,
1214 1432 1433 1463 Aurelianen.
1452 1432 1532 1463 eccl.
1552 1432 1725 1463 canonico.
1745 1431 1797 1471 (A.
1815 1434 1866 1467 29,
1884 1432 1908 1464 f.
1926 1434 1986 1464 343
2001 1438 2030 1469 ²3
2054 1433 2090 1464 V.
2107 1434 2158 1471 85,
2179 1442 2231 1473 ep.
2247 1432 2338 1471 410.)

855 1481 993 1514 30226.
1008 1502 1047 1506 -
1070 1482 1200 1515 Wesselo
1214 1483 1362 1524 Sperwen
1378 1483 1414 1513 D.
1432 1483 1471 1514 D.
1493 1483 1630 1515 collatio
1643 1492 1762 1515 canon.
1783 1483 1847 1515 sub
1863 1493 1959 1524 exsp.
1981 1484 2085 1516 unius
2104 1493 2122 1516 e
2139 1483 2332 1525 praebendis
2348 1492 2421 1516 ma-

808 1538 951 1578 joribus,
970 1547 1007 1568 ac
1022 1537 1199 1577 dignitatis
1215 1537 1268 1568 vel
1284 1538 1489 1576 personatus
1506 1546 1566 1568 seu
1585 1537 1640 1568 off.
1665 1546 1692 1568 c.
1712 1546 1739 1568 c.
1757 1537 1811 1568 vel
1832 1546 1859 1569 s.
1881 1546 1909 1569 c.
1928 1538 2010 1569 eccl.
2029 1537 2229 1576 Tarhaten.;
2246 1547 2314 1570 non
2331 1537 2420 1570 obst.

810 1592 846 1623 in
870 1592 950 1623 eccl.
970 1591 1234 1623 Wladislavien.
1253 1600 1371 1622 canon.
1392 1593 1425 1622 et
1442 1590 1546 1631 praeb.
1565 1609 1604 1613 —-
1626 1591 1652 1622 I.
1677 1600 1705 1622 e.
1721 1600 1767 1622 m.
1786 1600 1862 1631 ep.o
1878 1593 1911 1624 et
1933 1601 2037 1632 praep.
2054 1591 2251 1629 Curonien.,
2271 1600 2310 1623 ac
2329 1600 2420 1633 mag.

810 1646 992 1677 Ambrosio
1009 1646 1050 1676 de
1064 1645 1277 1685 Lameyrola,
1295 1654 1369 1676 can.
1386 1645 1614 1676 Mediolanen.
1630 1645 1712 1676 eccl.
1730 1645 1782 1683 (A.
1798 1647 1849 1683 29,
1870 1645 1894 1677 f.
1911 1647 1969 1677 391
1988 1651 2017 1682 ⁸;
2039 1645 2073 1676 V.
2091 1647 2142 1684 85,
2159 1654 2211 1686 ep.
2233 1647 2321 1685 486.)

855 1696 991 1729 30227.
1012 1717 1049 1721 —-
1071 1698 1207 1729 Ricardo
1232 1698 1385 1735 Pinchon,
1414 1698 1486 1730 cler.
1514 1698 1729 1730 Constanlien.
1755 1699 1812 1738 di.,
1839 1700 1948 1739 gratia
1974 1708 2069 1739 exsp.
2097 1698 2209 1731 benef.
2231 1699 2421 1731 ecclesiast.

811 1755 851 1792 (c.
869 1763 896 1784 c.
918 1755 955 1784 70
969 1753 1023 1784 vel
1039 1762 1066 1784 s.
1086 1762 1114 1784 c.
1131 1754 1170 1784 40
1187 1753 1209 1784 l.
1229 1752 1267 1792 t.)
1286 1754 1327 1784 ad
1343 1753 1476 1784 abbatis
1498 1754 1531 1784 et
1553 1762 1650 1784 conv,
1669 1755 1814 1785 monast.
1833 1762 1861 1784 s.
1878 1753 2058 1784 Michaelis
2081 1753 2118 1784 in
2133 1753 2286 1793 periculo
2302 1753 2421 1790 maris,

809 1807 847 1839 Ο.
866 1807 899 1838 S.
918 1808 968 1844 B.,
986 1806 1169 1838 Abrincen.
1196 1807 1256 1844 di.,
1277 1806 1541 1846 dispositionem
1562 1807 1686 1847 pertin.
1706 1823 1744 1828 —
1764 1807 1803 1838 In
1819 1816 1848 1838 e.
1870 1816 1916 1838 m.
1941 1807 2068 1838 archid.
2091 1807 2227 1844 Dolen„
2244 1808 2277 1838 et
2293 1806 2424 1839 cantori

810 1861 1056 1897 Constantien.,
1079 1870 1116 1892 ac
1139 1869 1227 1900 mag.
1251 1860 1375 1892 Jacobo
1401 1861 1441 1892 de
1467 1861 1612 1899 Mutina,
1630 1870 1702 1900 cap.
1726 1861 1806 1897 ΡΡ.,
1831 1861 1969 1892 scolast.
1996 1860 2172 1892 Tullensis
2197 1860 2278 1892 eccl.
2299 1860 2352 1899 (A.
2368 1862 2421 1899 29,
2467 1891 2471 1894 .

808 1915 831 1946 f.
850 1917 905 1946 451
925 1921 952 1951 ³3
979 1915 1012 1945 V.
1029 1917 1080 1952 85,
1102 1924 1153 1954 ep.
1174 1914 1260 1954 653.)

853 1967 988 1999 30228.
1011 1987 1046 1991 -
1071 1968 1264 2010 Appollonio
1280 1968 1317 1999 de
1341 1968 1513 2010 Oldorpsen
1537 1969 1675 2000 collatio
1693 1978 1812 2000 canon.
1838 1968 1902 2000 sub
1923 1977 2018 2008 exsp.
2040 1968 2143 2008 praeb.
2161 1969 2243 2000 eccl.
2261 1968 2422 2001 Bamber-

808 2031 901 2063 gen.;
920 2032 985 2053 non
1003 2022 1088 2054 obst.
1108 2015 1243 2062 paroch.
1259 2022 1339 2054 eccl.
1357 2023 1391 2054 S.
1409 2023 1453 2054 M.
1475 2023 1510 2053 in
1528 2023 1666 2054 civitate
1682 2022 1906 2062 Bambergen.
1926 2024 1959 2054 et
1974 2022 2009 2053 in
2027 2022 2323 2062 Wissegranden.‚
2341 2022 2423 2054 Pra-

808 2085 882 2117 gen.
902 2077 961 2114 di.,
976 2077 1056 2108 eccl.
1076 2086 1196 2108 canon.
1214 2076 1277 2107 sub
1291 2085 1388 2116 exsp.
1403 2076 1507 2117 praeb.
1525 2086 1534 2113 ;
1553 2085 1672 2108 canon.
1696 2078 1810 2107 autem
1831 2077 1863 2108 et
1886 2076 1989 2116 praeb.
2009 2076 2088 2108 eccl.
2106 2077 2140 2108 S.
2158 2076 2203 2107 M.
2222 2076 2258 2106 in
2276 2076 2423 2108 Teursat

808 2133 905 2162 extra
925 2139 1040 2161 muros
1060 2130 1286 2170 Bambergen.
1306 2131 1467 2162 dimittat.
1485 2148 1522 2153 —
1537 2131 1564 2161 Ι.
1591 2139 1619 2161 e.
1644 2139 1690 2161 m.
1709 2139 1785 2170 ep.o
1802 2130 2038 2169 Herbipolen„
2055 2130 2088 2161 et
2110 2138 2214 2170 praep.
2233 2130 2323 2162 Novi
2348 2138 2422 2162 mo-

809 2185 947 2215 nasterii
971 2184 1199 2224 I‘Ierbipolen„
1216 2194 1254 2215 ac
1269 2193 1356 2224 mag.
1374 2185 1518 2216 Nicolao
1532 2185 1572 2215 de
1586 2184 1731 2220 Fractis,
1748 2193 1821 2215 can.
1835 2184 2012 2215 Patracen.
2031 2184 2126 2219 eccl.,
2140 2183 2206 2215 litt.
2222 2185 2329 2224 apost.
2350 2192 2420 2215 cor-

808 2239 942 2269 rectori.
962 2239 1012 2277 (A.
1029 2240 1080 2276 30,
1097 2238 1119 2268 f.
1134 2240 1172 2270 26
1189 2238 1218 2275 b3
1241 2239 1277 2270 V.
1296 2240 1348 2276 86,
1365 2247 1417 2278 ep.
1436 2238 1544 2278 1142.)

854 2289 992 2322 30229.
1011 2310 1049 2315 -—
1068 2292 1203 2322 Henrico
1225 2292 1328 2323 abbaci
1350 2292 1530 2322 monasterii
1551 2291 1699 2330 Fulden.‚
1715 2291 1755 2322 ad
1766 2291 1805 2322 R.
1825 2291 1868 2323 E.
1891 2291 1977 2322 nullo
1993 2290 2093 2322 medio
2111 2291 2243 2332 pertin„
2260 2291 2293 2322 0.
2313 2291 2349 2323 S.
2365 2291 2419 2328 B..

811 2345 1010 2386 Herbipolen.
1037 2346 1080 2376 di.
1100 2347 1223 2378 Unitur
1241 2355 1367 2378 mensae
1386 2355 1455 2377 suae
1479 2347 1511 2377 et
1530 2346 1572 2377 ad
1596 2346 1701 2377 vitam
1725 2354 1823 2377 suam
1841 2345 2068 2385 praepositura
2092 2345 2292 2376 monasterii
2318 2345 2352 2377 S.
2373 2345 2421 2378 M.

809 2408 912 2439 prope
928 2400 1084 2436 Fuldam,
1107 2409 1166 2439 per
1182 2409 1285 2440 praep.
1303 2401 1397 2431 soliti
1413 2400 1506 2440 gub„
1525 2400 1678 2431 eorumd.
1696 2400 1767 2431 ord.
1791 2401 1824 2431 et
1842 2399 1903 2435 di.,
1917 2399 2007 2430 dicto
2028 2400 2173 2430 monast.
2192 2399 2337 2431 Fulden.
2357 2399 2420 2431 im-

809 2454 952 2485 mediate
978 2454 1132 2493 subJecti,
1151 2454 1185 2485 in
1203 2463 1269 2494 quo
1294 2455 1335 2485 ad
1363 2463 1440 2486 eum
1466 2455 1507 2486 de
1533 2454 1674 2494 antiqua
1697 2453 1943 2485 consuetudine
1968 2461 2033 2484 non
2061 2452 2173 2484 solum
2191 2453 2365 2485 institutio
2388 2455 2422 2485 et

810 2507 985 2538 destitutio
1003 2508 1174 2547 praepositi
1192 2508 1374 2547 pertinent,
1395 2508 1455 2539 sed
1471 2508 1574 2539 etiam
1593 2516 1697 2539 onera
1710 2515 1939 2547 expensarum
1956 2515 2016 2546 pro
2033 2506 2248 2545 reparatione
2264 2506 2422 2539 aedificio-

810 2569 886 2591 rum
912 2560 1064 2600 ejusdem
1083 2562 1282 2593 monasterii
1306 2562 1339 2593 S.
1362 2562 1408 2593 M.
1428 2561 1624 2593 incumbere
1643 2561 1882 2598 dinoscuntur;
1906 2569 1980 2600 quae
2004 2560 2142 2600 quidem
2159 2560 2303 2591 aedificia
2325 2561 2421 2592 tanta

810 2614 851 2644 ad
868 2622 1017 2653 praesens
1037 2615 1116 2646 sunt
1131 2616 1299 2647 vetustate
1317 2617 1519 2655 consumpta
1538 2615 1628 2655 quod
1650 2615 1786 2646 ruinam
1803 2615 1989 2651 minantur,
2006 2613 2074 2644 nisi
2092 2613 2248 2645 celeriter
2265 2622 2420 2654 reparen-

809 2667 865 2698 tur
872 2676 881 2703 3
908 2668 949 2698 ad
977 2677 1120 2707 quorum
1144 2669 1394 2708 reparationem
1421 2678 1544 2709 magna
1569 2677 1797 2709 expensarum
1819 2676 1923 2699 onera
1947 2667 2141 2699 necessario
2165 2667 2279 2707 ipsum
2303 2667 2420 2700 subire

811 2722 954 2760 oportet.
972 2721 1025 2761 (A.
1046 2723 1097 2760 30,
1118 2722 1139 2753 f.
1159 2724 1218 2753 305
1234 2728 1262 2759 ⁸;
1286 2723 1322 2754 V.
1339 2724 1390 2760 86,
1406 2731 1457 2763 ep.
1476 2724 1580 2763 1704.)

855 2771 991 2803 30230.
1010 2792 1048 2798 -—
1065 2776 1183 2806 Joanm‘
1197 2776 1234 2806 de
1252 2776 1427 2817 Chasnayo,
1442 2785 1534 2808 mon.
1554 2776 1753 2808 monasterii
1771 2785 1798 2807 s.
1808 2775 1971 2807 Germani
1986 2774 2253 2811 Autisiodoren.,
2267 2775 2306 2807 O.
2317 2775 2352 2807 S.
2366 2776 2418 2814 B„

810 2827 918 2866 gratia
941 2836 1036 2867 exsp.
1054 2829 1226 2868 prioratus
1243 2830 1297 2861 vel
1317 2830 1422 2870 dign„
1440 2839 1501 2862 seu
1526 2830 1734 2865 administr.‚
1751 2831 1809 2861 aut
1825 2829 2040 2869 personatus,
2059 2828 2132 2860 sive
2147 2829 2343 2865 decanatus,
2364 2829 2419 2860 vel

810 2880 865 2911 off.
884 2889 944 2911 seu
968 2881 1079 2912 benef.
1097 2891 1124 2914 c.
1143 2891 1171 2913 c.
1189 2883 1243 2914 vel
1261 2892 1287 2914 s.
1303 2892 1331 2914 c.
1349 2883 1424 2924 (100
1441 2883 1464 2914 l.
1483 2884 1534 2924 t.),
1553 2884 1596 2915 ad
1616 2883 1834 2915 collationem
1852 2882 1985 2913 abbatis
2009 2883 2043 2913 et
2060 2890 2156 2913 conv.
2175 2882 2328 2922 ejusdem
2346 2890 2419 2914 mo-

809 2934 962 2969 nasterii,
980 2936 1012 2965 et
1035 2943 1095 2974 per
1117 2936 1228 2975 ipsius
1255 2945 1346 2969 mon.
1367 2937 1460 2968 soliti
1487 2937 1565 2977 gub.
1584 2953 1622 2959 —
1646 2937 1674 2968 Ι.
1691 2945 1720 2968 e.
1739 2945 1785 2968 m.
1803 2936 1918 2967 abbati
1934 2936 2080 2967 monast.
2098 2944 2126 2966 s.
2141 2935 2296 2972 Antonii,
2315 2935 2418 2967 Vien-

809 2995 885 3018 nen.
903 2987 961 3023 di.,
979 2989 1011 3018 et
1028 2989 1154 3020 decano
1168 2989 1439 3028 Autisiodoren.,
1455 3000 1492 3022 ac
1508 2991 1609 3022 Petro
1626 2991 1666 3022 de
1686 2990 1884 3028 Vaurelliis‚
1901 2998 1974 3021 can.
1993 2989 2178 3022 Nivernen.
2196 2989 2277 3020 eccl.
2294 2989 2349 3029 (A.
2365 2991 2416 3028 31,

809 3039 832 3070 f.
849 3041 907 3072 221
927 3040 956 3078 ”3
982 3040 1013 3071 V.
1030 3042 1080 3080 88,
1101 3051 1152 3082 ep.
1171 3043 1279 3083 3019.)
