2560 3476
335 305 395 336 300

366 396 473 435 Datum
489 388 674 423 Avenione.

409 601 446 628 17
459 601 528 635 jun.
548 600 632 628 1328.

410 650 461 681 (xv
481 645 541 673 kal.
558 645 625 681 jul.)

465 690 495 717 T.
516 690 573 717 XX.

477 866 514 894 Ut
532 875 556 893 s.

419 911 450 938 T.
469 911 529 944 X11,
544 910 614 938 XIV.

477 1026 514 1054 Ut
531 1034 555 1053 s.

426 1071 457 1099 Τ.
474 1072 521 1106 XI,
535 1071 607 1099 XIII.

477 1294 514 1321 Ut
532 1302 556 1321 s.

456 1339 487 1365 T.
509 1339 579 1365 XVI.

477 1401 513 1428 Ut
533 1410 556 1428 s.

442 1445 472 1472 T.
493 1445 589 1472 XXIV.

474 1721 510 1748 Ut
531 1730 554 1748 s.

418 1765 450 1795 T.
468 1766 515 1800 XI,
533 1766 606 1795 XIII.

399 2041 435 2068 18
448 2040 516 2075 jun.
537 2040 625 2068 1328.

400 2086 465 2120 (x1v
482 2084 542 2112 kal.
559 2084 628 2121 jul.)

440 2130 470 2157 T.
489 2130 583 2157 XXIV.

467 2201 504 2228 Ut
528 2209 553 2229 s.

436 2245 466 2272 T.
488 2246 584 2276 XXIV.

470 2307 507 2334 Ut
524 2316 550 2336 s,

413 2352 445 2381 T.
466 2353 514 2385 XI,
532 2352 606 2381 XIII.

470 2572 507 2600 Ut
526 2581 550 2600 s.

407 2617 439 2645 T.
459 2617 519 2652 XII,
540 2617 613 2646 XIV.

725 298 899 331 JOANNIS
923 298 1041 329 PAPAE'
1063 298 1165 329 XXII.
1190 298 1440 338 (1316-1334).
1463 315 1503 320 —
1524 296 1711 328 LITTERAE
1733 296 1960 328 COMMUNES

763 493 929 523 tisconen.
949 491 1010 528 di.,
1029 499 1066 521 ac
1088 489 1238 522 Oliverio
1256 490 1295 521 de
1322 489 1519 529 campellis,
1537 498 1610 520 can.
1630 488 1831 521 Noviomen.
1848 488 1930 520 eccl.
1947 488 2002 530 (A.
2018 490 2068 527 30,
2092 489 2113 520 f.
2126 489 2188 521 522
2204 489 2235 528 b;
2257 489 2292 520 V.
2314 491 2366 528 87,

763 554 814 585 ep.
834 547 941 583 2287.)

808 596 942 628 41607.
964 616 1005 620 ——
1019 596 1203 637 Raymundo
1226 597 1372 634 Joannis,
1395 606 1495 638 praep.
1518 596 1645 637 Reqen.,
1665 601 1692 626 el
1716 595 1892 627 Bertrando
1916 595 1954 627 de
1980 596 2097 632 Mauso,
2115 596 2308 634 Atrebatem,
2331 606 2369 628 ac

766 651 944 684 Gualkardo
968 651 1003 681 de
1028 650 1233 688 Cardallzaco,
1252 649 1375 681 Dunen.
1397 649 1564 681 Carnoten.
1585 649 1658 680 eccl.
1684 649 1816 685 archid..
1833 650 1946 680 mand.
1971 651 2009 681 ut
2035 649 2159 681 Joanni
2182 649 2368 690 Blaychon,

763 705 842 737 cler.
861 704 1054 736 Ruthenen.
1066 704 1125 741 di.,
1144 704 1318 735 conferant
1330 703 1558 744 parochialem
1572 703 1652 735 eccl.
1673 711 1701 734 s.
1719 703 1880 740 Amandi,
1896 703 2111 734 Lemovicen.
2131 703 2190 740 di.,
2209 705 2260 742 (25
2275 703 2298 734 1.
2314 704 2367 743 t.)‚

763 768 864 799 quam
882 758 1090 790 Guillelmus
1105 757 1303 789 Mercatoris
1324 757 1382 788 diu
1399 757 1507 788 tenuit
1523 757 1565 788 ad
1582 765 1698 788 sacros
1716 756 1854 788 ordines
1875 765 1943 788 non
1960 758 2138 796 promotus
2153 756 2281 797 absque
2296 756 2370 788 ulla

763 812 1027 852 dispensatione.
1047 811 1099 850 (A.
1118 813 1169 845 30,
1187 811 1208 841 f.
1226 813 1287 842 669
1302 816 1331 848 8;
1351 811 1387 842 V.
1401 812 1451 849 87,
1469 819 1523 850 ep.
1543 810 1651 849 2541.)

807 863 943 895 41608.
958 884 999 888 -
1015 864 1189 896 Rern-ando
1207 864 1387 896 carbonelli
1403 864 1538 895 collatio
1555 872 1674 895 canon.
1691 864 1724 895 et
1745 863 1848 903 praeb.
1864 863 1945 895 eccl.
1961 863 2110 900 Tullen.,
2126 872 2197 895 vac.
2216 871 2277 904 per
2296 862 2368 895 ohi-

761 921 834 951 tum
855 919 949 950 Petri
965 919 1129 955 Durandi‚
1152 919 1186 950 S.
1206 919 1247 950 A.
1262 927 1334 958 cap.
1351 937 1392 941 —
1408 918 1435 949 Ι.
1451 926 1479 949 e.
1498 926 1543 949 m.
1564 918 1742 949 Caturcen.
1759 918 1792 948 et
1815 917 2013 957 Flavignen.
2031 917 2176 949 AEduen.
2194 916 2367 954 archidjs,

762 982 800 1004 ac
815 973 1008 1005 Raimundo
1026 972 1066 1003 de
1080 973 1242 1009 Cornaco,
1259 980 1333 1003 can.
1350 971 1601 1003 Claromonten.
1618 971 1698 1002 eccl.
1720 970 1771 1010 (A.
1789 972 1840 1008 31,
1854 970 1876 1002 f.
1896 971 1952 1002 103
1968 975 1997 1008 ³3
2017 970 2053 1001 V.
2070 971 2122 1007 87,
2137 978 2191 1011 ep.
2207 971 2314 1010 2798.)

806 1023 943 1055 41609.
963 1044 1002 1049 -
1029 1025 1192 1056 Guillelmo
1217 1025 1254 1056 de
1278 1025 1463 1056 Viridisicco
1486 1025 1588 1060 conf„
1607 1024 1736 1056 consid.
1763 1024 1906 1055 Joannis
1933 1032 1960 1055 s.
1978 1024 2097 1055 Crucis
2120 1023 2156 1055 in
2177 1023 2368 1055 Jerusalem

762 1079 874 1119 presb.
895 1080 999 1116 card„
1025 1079 1168 1110 ecclesia
1188 1087 1216 1109 s.
1234 1078 1395 1118 Stephani
1414 1079 1449 1109 in
1473 1078 1639 1118 Ripparia
1661 1086 1766 1117 prope
1793 1077 2016 1113 Amilianum,
2039 1086 2067 1108 s.
2086 1086 2127 1114 c.‚
2141 1076 2290 1109 Vabren.
2306 1076 2367 1113 di.,

762 1134 839 1164 ante
852 1133 983 1164 obitum
1004 1132 1182 1165 Guillelmi
1198 1133 1239 1163 de
1260 1132 1466 1164 Viridisicco
1488 1131 1635 1163 senioris
1654 1139 1714 1171 per
1729 1131 1795 1162 PP.
1813 1131 1968 1171 disposit.
1986 1139 2056 1162 suae
2072 1131 2247 1162 reservata
2261 1131 2307 1170 (vi
2319 1130 2368 1163 id.

762 1186 845 1218 febr.
862 1186 1016 1226 proxime
1033 1186 1222 1225 praeteriti.)
1241 1204 1282 1208 —
1298 1186 1324 1216 Ι.
1342 1195 1372 1217 e.
1391 1195 1437 1217 m.
1455 1185 1626 1225 archiep.o
1641 1184 1872 1222 Ebredunen.,
1889 1193 1967 1224 ep.o
1983 1184 2190 1219 Ruthenen.,
2212 1185 2246 1215 et
2259 1183 2368 1224 priori

762 1249 790 1271 S.
810 1240 971 1279 Dionysii
987 1240 1020 1270 in
1035 1239 1351 1279 Montepessulano,
1367 1239 1580 1279 Magzilonen.
1595 1238 1640 1269 di.
1658 1239 1711 1279 (A.
1728 1240 1780 1274 31,
1795 1238 1819 1268 f.
1837 1239 1896 1270 168
1910 1243 1938 1275 ³3
1962 1237 1999 1269 V.
2019 1239 2071 1276 87,
2091 1245 2144 1277 ep.
2163 1238 2268 1276 2881.)

806 1290 943 1322 41610.
965 1311 1003 1316 —
1017 1293 1227 1324 Reservatur
1243 1293 1276 1323 S.
1297 1293 1337 1324 A.
1357 1292 1576 1332 dispositioni
1594 1292 1759 1331 perpetua
1773 1291 1903 1322 vicaria
1917 1291 2069 1323 ecclesiae
2085 1290 2126 1322 de
2144 1290 2365 1331 Mayranicis.

762 1348 894 1387 Aquen.
912 1347 973 1384 di.,
991 1354 1062 1378 vac.
1081 1355 1141 1386 per
1157 1345 1286 1377 obitum
1303 1346 1480 1377 Guillelmi
1494 1345 1661 1377 Gauterii.
1680 1345 1732 1380 (A.
1754 1345 1806 1383 31,
1826 1344 1849 1375 f.
1866 1346 1927 1375 254
1945 1344 1975 1381 ¹³3
1997 1344 2033 1375 V.
2050 1345 2103 1381 88,
2121 1352 2174 1384 ep.
2190 1345 2296 1383 3120.)

806 1397 943 1429 41611.
964 1417 1001 1422 -
1025 1398 1178 1429 Willelmo
1195 1398 1231 1429 de
1254 1398 1385 1439 calpho,
1400 1399 1470 1438 jam
1487 1398 1685 1438 dispensato
1705 1407 1809 1438 super
1826 1397 1959 1429 defectu
1976 1398 2155 1437 natalium,
2181 1405 2259 1428 cum
2279 1405 2297 1429 e
2315 1405 2368 1429 so-

762 1453 833 1484 luto
848 1454 880 1484 et
896 1453 1008 1484 soluta
1025 1452 1161 1493 genitus
1177 1452 1309 1488 fuisset,
1326 1452 1369 1483 ad
1389 1460 1509 1483 omnes
1529 1452 1666 1483 ordines
1691 1453 1724 1483 et
1740 1451 1905 1483 beneficia
1920 1451 2154 1488 obtinendum,
2174 1450 2299 1482 rectori
2313 1459 2369 1490 pa-

761 1507 851 1538 roch.
873 1507 954 1537 eccl.
979 1506 1020 1538 de
1042 1506 1195 1543 Suttone,
1217 1505 1410 1537 Norwicen.
1430 1506 1490 1541 di.,
1515 1505 1547 1546 (8
1571 1505 1631 1536 lib.
1655 1505 1924 1544 sterlingorum),
1948 1513 2051 1544 quam
2075 1504 2236 1540 dimittet,
2263 1503 2369 1535 altera

761 1560 869 1600 gratia
885 1560 1113 1600 exspectativa
1136 1559 1294 1590 beneficii
1316 1559 1505 1590 ecclesiast.
1523 1559 1625 1590 etiam
1644 1568 1671 1590 c.
1692 1567 1721 1589 c.
1737 1559 1820 1590 Post
1836 1558 2101 1598 publicationem
2114 1557 2249 1589 constit.
2267 1565 2369 1597 super

760 1613 1002 1645 beneficiorum
1027 1612 1224 1652 pluralitate
1242 1613 1333 1643 idem
1357 1612 1558 1644 Willelmus
1574 1612 1802 1652 parochialem
1824 1611 1905 1643 eccl.
1922 1611 1963 1642 de
1976 1611 2156 1648 Alfletone‚
2174 1610 2367 1642 Norwicen.

761 1667 820 1704 di.,
832 1675 933 1706 quam
946 1667 1141 1706 possederat
1152 1675 1227 1697 cum
1242 1666 1378 1706 paroch.
1396 1665 1569 1705 praedicta,
1589 1665 1779 1696 dimiserat.
1796 1665 1849 1705 (A.
1861 1666 1910 1700 32,
1926 1664 1950 1695 f.
1964 1665 2024 1696 488
2035 1670 2062 1702 ²3
2079 1664 2116 1696 V.
2133 1666 2184 1701 88,
2195 1673 2248 1704 ep.
2259 1663 2367 1703 3296.)

805 1718 941 1749 41612.
962 1738 999 1742 -
1021 1719 1182 1751 Galhardo
1197 1719 1233 1749 de
1250 1719 1382 1750 Bironio
1400 1727 1495 1759 prov.
1509 1727 1628 1750 canon.
1647 1718 1710 1749 sub
1725 1727 1822 1758 exsp.
1839 1718 1942 1758 praeb.
1956 1718 2036 1749 eccl.
2057 1717 2267 1749 Morinensis
2277 1726 2288 1754 3
2300 1725 2368 1749 non

760 1773 847 1804 obst.
867 1773 902 1804 in
926 1782 953 1803 s.
972 1773 1075 1810 Aviti,
1101 1773 1307 1804 Sarlatensis
1331 1772 1391 1810 di.,
1413 1780 1532 1803 canon.
1562 1773 1593 1803 et
1616 1771 1732 1811 praeb.,
1757 1772 1793 1802 in
1826 1771 2075 1812 Petragoricen.
2097 1772 2130 1802 et
2151 1771 2366 1803 Xanctonen.

758 1826 1013 1858 canonicatibus
1036 1826 1099 1858 sub
1124 1835 1220 1866 exsp.
1239 1826 1356 1865 praeb.,
1375 1834 1413 1856 ac
1429 1826 1466 1856 in
1481 1825 1731 1865 Petragorieen.
1750 1825 1904 1856 ecclesiis
1922 1825 2169 1865 exspectatione
2185 1824 2290 1864 dign„
2306 1831 2368 1856 seu

758 1882 960 1920 personatus
985 1880 1040 1911 vel
1057 1880 1172 1911 officii.
1190 1898 1228 1903 -
1248 1880 1274 1911 Ι.
1295 1888 1323 1911 6.
1342 1888 1389 1910 m.
1411 1878 1524 1910 abbati
1538 1880 1684 1910 monast.
1704 1887 1732 1909 s.
1748 1878 1906 1916 Amandi,
1924 1878 2091 1910 sarlaten.
2110 1878 2170 1916 di.,
2189 1879 2221 1910 61
2241 1878 2368 1909 decano

759 1942 785 1964 s.
801 1933 963 1973 Stephani
990 1934 1030 1964 de
1055 1934 1207 1964 Tescone
1230 1932 1484 1970 Montisalbani‚
1502 1941 1540 1964 ac
1561 1932 1750 1964 Bertrando
1775 1932 1815 1963 de
1837 1932 2067 1968 Claromonte,
2085 1940 2157 1963 can.
2175 1930 2367 1971 Petragori-

758 1986 870 2018 censis
890 1987 1125 2018 ecclesiarum.
1147 1986 1198 2024 (A.
1215 1987 1266 2023 31,
1283 1986 1306 2017 f.
1325 1987 1386 2018 360
1401 1991 1429 2023 ἰ;
1452 1985 1486 2017 V.
1502 1987 1554 2024 88,
1573 1994 1627 2025 ep.
1643 1986 1750 2024 3343.)

802 2038 940 2070 41613.
957 2059 998 2064 —-
1014 2039 1180 2081 Dalphirzae
1197 2039 1234 2070 de
1256 2039 1364 2078 Turre,
1382 2039 1475 2069 uxori
1501 2039 1652 2079 Guiqonis
1676 2038 1714 2069 de
1728 2039 1852 2080 Ruppe,
1869 2038 1933 2070 mil.
1953 2039 2096 2070 Anicien.
2113 2038 2168 2077 di.,
2194 2037 2367 2069 indultum

757 2096 793 2126 ut
819 2094 994 2126 confessor
1017 2094 1098 2134 ipsi,
1126 2093 1233 2124 semel
1254 2094 1400 2130 tantum,
1420 2093 1455 2123 in
1481 2092 1602 2124 mortis
1629 2092 1785 2130 articulo,
1809 2093 1947 2132 plenam
1971 2092 2124 2124 omnium
2148 2094 2365 2132 peccatorum

757 2157 897 2179 suorum
915 2148 1155 2179 remissionem
1171 2147 1354 2178 concedere
1371 2146 1495 2178 valeat.
1513 2147 1564 2184 (A.
1583 2148 1634 2184 30,
1649 2146 1671 2176 f.
1689 2147 1750 2177 532
1765 2151 1794 2184 ²;
1816 2146 1852 2177 V.
1871 2148 1923 2183 87,
1940 2155 1991 2186 ep.
2004 2146 2114 2185 2027.)

801 2198 941 2231 41614.
964 2219 1005 2224 -
1022 2200 1158 2241 Guiqom'
1181 2200 1218 2231 de
1241 2200 1363 2241 Ruppe,
1382 2199 1448 2230 mil.
1469 2199 1613 2230 Anicien.
1637 2199 1694 2238 di.,
1723 2199 1920 2240 indulgetur
1937 2199 2040 2231 idem.
2058 2199 2112 2239 (A.
2132 2199 2185 2236 30,
2210 2198 2235 2229 f.
2257 2199 2316 2230 532
2333 2202 2363 2235 *ς

762 2255 797 2286 V.
817 2257 868 2293 87,
887 2263 939 2294 ep.
956 2255 1063 2293 2028.)
2375 2265 2393 2280 ⁴

802 2305 938 2337 41615.
957 2325 998 2330 —-
1020 2306 1173 2338 Arnaudo
1190 2306 1228 2337 de
1252 2307 1395 2344 Cuberia,
1416 2302 1497 2337 mon.
1522 2307 1743 2337 monasteriis.
1763 2306 1904 2347 AEqidii‚
1925 2305 1960 2338 O.
1981 2306 2016 2337 S.
2032 2305 2086 2342 B..
2103 2305 2290 2336 Nemausen.
2306 2303 2364 2341 di.,

757 2362 865 2402 gratia
889 2370 986 2401 exsp.
1004 2361 1188 2400 prioratus,
1207 2369 1266 2392 seu
1283 2362 1499 2400 personatus,
1517 2360 1573 2392 vel
1590 2361 1644 2392 off.
1664 2361 1720 2392 aut
1734 2359 1847 2392 benef.
1869 2370 1896 2392 c.
1916 2369 1943 2392 c.
1961 2359 2015 2391 vel
2031 2368 2058 2391 s.
2078 2367 2106 2390 c.
2126 2358 2234 2399 (1001.
2251 2359 2278 2389 1.
2295 2366 2362 2390 sec.

756 2416 825 2446 tax.
845 2416 943 2454 dec),
962 2414 1089 2454 pertin.
1116 2415 1158 2445 ad
1183 2414 1294 2445 collat.
1314 2413 1449 2445 abbatis
1477 2415 1511 2446 et
1536 2423 1631 2446 conv.
1650 2414 1761 2454 ipsius
1784 2413 1985 2445 monasterii
2009 2414 2042 2445 61
2058 2412 2169 2453 ipsius
2190 2411 2366 2444 monachis

757 2468 926 2508 assignari
945 2468 1111 2499 consueti.
1128 2487 1168 2491 —-
1189 2468 1216 2498 Ι.
1237 2476 1266 2499 6.
1284 2476 1330 2498 m.
1351 2476 1384 2498 s:
1396 2468 1533 2499 Nazarii
1552 2469 1584 2499 et
1600 2468 1641 2499 de
1661 2467 1934 2505 Prevencheriis‚
1955 2466 2168 2507 Magalonen.
2186 2466 2219 2497 et
2245 2465 2364 2497 Mima-

756 2523 824 2553 ten.
841 2522 902 2559 di.,
916 2521 1101 2561 prioribus,
1121 2529 1160 2552 ac
1174 2521 1358 2561 praeposito
1375 2520 1455 2553 eccl.
1472 2521 1683 2561 Magalonen.
1700 2521 1754 2562 (A.
1771 2522 1824 2559 30,
1847 2521 1870 2552 f.
1890 2522 1949 2552 577
1966 2525 1995 2558 ³3
2020 2519 2054 2550 V.
2070 2521 2122 2555 87,
2139 2527 2193 2559 ep.
2215 2519 2324 2558 2383.)

801 2571 942 2605 41616.
965 2593 1006 2598 -
1020 2575 1136 2605 ,loanni
1154 2574 1191 2605 de
1214 2573 1434 2615 Corcondrayo
1456 2575 1565 2615 gratia
1581 2583 1678 2615 exsp.
1695 2574 1800 2615 dign..
1816 2574 1872 2605 vel
1888 2574 2092 2614 personatus
2115 2580 2176 2604 seu
2194 2572 2263 2608 off„
2280 2580 2309 2603 c.
2334 2580 2364 2603 c.

756 2629 810 2660 vel
836 2637 864 2659 s.
888 2637 930 2666 c.,
951 2629 987 2659 in
1006 2628 1150 2659 ecclesia
1175 2627 1368 2664 Bisuntina‚
1399 2628 1481 2659 dum
1503 2629 1619 2659 tamen
1641 2627 1750 2667 major
1773 2627 1923 2667 dignitas
1943 2627 2021 2667 post
2052 2625 2280 2666 episcopalem
2297 2633 2366 2657 non

757 2682 883 2714 existat
890 2691 899 2718 ς
919 2690 987 2713 non
1003 2681 1090 2713 obst.
1106 2681 1142 2712 in
1158 2681 1274 2712 eadem
1290 2683 1323 2712 et
1341 2681 1376 2712 in
1388 2682 1428 2713 B.
1446 2681 1490 2713 M.
1508 2681 1550 2712 de
1567 2681 1738 2712 Colombae
1753 2680 1974 2716 monasterio,
1990 2680 2026 2711 in
2043 2679 2081 2711 B.
2101 2679 2146 2711 M.
2164 2679 2206 2710 de
2222 2677 2361 2716 Rochis,

756 2735 929 2768 Bisuntin.
946 2735 1005 2772 di.,
1020 2743 1138 2766 canon.
1153 2736 1186 2766 et
1201 2734 1319 2774 praeb.,
1335 2743 1372 2766 ac
1387 2735 1423 2766 in
1438 2735 1579 2766 Trecen.
1595 2734 1751 2766 ecclesiis
1767 2742 1884 2765 canon.
1904 2733 1967 2764 sub
1981 2742 2077 2773 exsp.
2096 2731 2213 2772 praeb.,
2231 2740 2364 2763 necnon

756 2788 920 2820 decanatu
944 2788 1051 2820 rurali
1069 2788 1110 2819 de
1134 2788 1295 2827 varesco,
1319 2788 1416 2819 dictae
1441 2788 1505 2825 di.;
1524 2787 1673 2818 dimittat
1695 2788 1809 2819 autem
1832 2786 2047 2820 scolastriam
2071 2785 2242 2817 BisuntIn.
2264 2785 2297 2816 61
2314 2792 2364 2815 ar-

755 2842 1028 2874 chidiaconatum
1052 2842 1265 2881 Arceyarum
1281 2842 1420 2872 Trecen.
1438 2840 1518 2872 eccl.
1538 2858 1577 2864 -—
1593 2841 1621 2872 Ι.
1638 2848 1667 2871 6.
1685 2849 1730 2872 m.
1749 2849 1777 2872 s,
1795 2839 1969 2872 Vincentii
1986 2838 2171 2875 Bisuntin.,
2188 2838 2221 2870 et
2236 2838 2277 2869 de
2288 2836 2364 2869 Bel-

755 2895 892 2932 lavalle,
914 2895 1087 2927 Elsuntin.
1107 2894 1167 2932 di.,
1191 2895 1337 2927 monast.
1362 2893 1557 2930 abbatibus,
1571 2903 1610 2925 ac
1633 2902 1721 2934 mag.
1749 2894 1850 2925 Petro
1868 2894 1909 2924 de
1930 2893 2076 2933 Vigono,
2096 2900 2170 2923 can.
2190 2891 2360 2928 Tarvien„

754 2949 856 2989 Papae
872 2948 1042 2988 scriptori.
1060 2948 1114 2989 (A.
1134 2949 1186 2986 30,
1209 2948 1232 2980 f.
1252 2949 1314 2980 616
1329 2953 1357 2984 ³²3
1379 2947 1417 2979 V.
1431 2949 1482 2986 87,
1501 2956 1554 2988 ep.
1568 2949 1677 2987 2462.)
