2560 3476
343 334 402 363 282

375 422 478 448 Datum
498 414 679 448 Avenione.

342 629 361 656 4
382 629 416 662 (11
431 630 515 662 non.)
530 627 598 661 jun.
623 627 710 655 1328.

457 673 487 699 T.
505 672 599 699 XXIV.

360 896 377 923 ὅ
398 895 492 931 (non.)
509 895 578 929 jun.
602 894 693 923 4328.

386 940 434 967 Gr.
455 947 506 974 pro
525 947 591 974 nep.
607 941 668 967 not.

484 1216 521 1244 Ut
541 1225 565 1244 s.

425 1262 456 1288 T.
478 1262 537 1295 Xll,
558 1262 628 1289 XIV.

485 1539 521 1566 Ut
540 1547 565 1567 s.

451 1583 481 1610 T.
502 1584 596 1611 XXIV.

483 2235 559 2264 Uts.

467 2280 498 2306 T.
519 2280 576 2308 XX.

481 2715 518 2743 Ut
532 2724 555 2743 s.

453 2761 484 2788 T.
504 2760 586 2788 XXX.

478 2929 513 2956 Ut
533 2937 557 2956 z.

367 2973 400 3001 T.
415 2973 461 3000 xn
477 2974 525 3008 ¹lz‚
543 2973 665 3008 x1v112.

741 327 915 359 JOANNIS
938 327 1057 358 PAPAE
1079 326 1181 357 XXII.
1205 328 1454 367 (1316-1334).
1477 344 1515 349 —
1538 327 1724 358 LlTTERAE
1747 327 1973 359 COMMUNES

771 527 837 549 non
853 518 1018 552 excolant,
1035 526 1054 548 a
1069 517 1187 556 Ῑπωιὶε
1205 518 1317 548 timen
1334 516 1547 556 temporibus
1565 517 1648 548 citra
1662 525 1764 556 super
1781 517 1910 549 eisdem
1926 517 2067 550 decimis
2083 519 2234 551 indebite
2250 529 2374 553 vexan-

771 574 837 603 tur.
858 572 909 609 (A.
931 572 982 608 30
1000 571 1022 601 f.
1042 572 1102 602 480
1121 570 1150 605 b;
1176 570 1208 601 V.
1229 571 1279 607 87,
1297 579 1349 609 ep.
1367 571 1474 608 2179.)

817 622 952 653 41445.
974 643 1011 646 -
1033 623 1212 661 Gaucelino,
1225 633 1271 664 ep
1277 634 1293 653 ο
1311 623 1494 661 Albanensz',
1514 623 1658 655 facultas
1677 617 1872 656 conferendi
1890 633 2044 664 personae
2062 626 2191 658 idoneae
2209 628 2373 667 quasdam

771 679 932 713 decimas
950 680 1129 709 consuetas
1151 677 1192 708 ab
1208 677 1290 708 olim
1314 676 1350 707 in
1367 686 1462 716 perp.
1485 677 1597 708 henes.
1616 677 1884 709 ecclesiasticum
1905 678 2039 710 clericis
2055 679 2276 712 saecularibus
2291 681 2376 712 assi-

771 733 878 772 gnari,
896 732 930 762 in
949 731 1108 771 parochia
1126 731 1277 762 ecclesiae
1292 731 1332 762 de
1347 730 1535 767 Granvilla,
1553 731 1788 762 Constantien.
1807 731 1867 768 di.,
1887 741 1972 772 quas
1989 732 2112 764 Petrus
2127 733 2258 772 Flouri,
2279 734 2375 767 dictae

770 787 815 817 di.
834 785 962 825 presb„
984 785 1018 816 in
1042 785 1194 823 eJusdem
1220 785 1288 823 ep.i
1313 783 1472 815 manibus
1488 784 1577 824 apud
1594 784 1627 816 S
1657 785 1697 816 A.
1725 785 1923 824 resignavit..
1940 786 1994 826 (A.
2018 787 2070 824 30,
2096 786 2119 818 f.
2136 788 2196 818 403
2214 787 2244 825 b;
2265 787 2303 819 V.
2322 789 2375 826 86,

769 849 822 880 ep.
842 841 946 878 1915.)

818 890 953 921 41446.
973 911 1011 915 -
1027 892 1111 932 May.
1125 891 1250 922 Bernai
1251 891 1290 922 do
1306 891 1461 933 Stephani
1478 891 1615 923 collatio
1630 893 1725 923 motu
1740 893 1878 932 proprio
1893 901 2026 930 canon„
2042 893 2146 933 praeb.
2164 895 2196 925 et
2211 894 2376 926 sacristiae

771 955 799 977 s.
816 955 844 978 c
861 947 942 977 eccl.
960 947 1094 983 Oscen.,
1113 945 1303 976 vacantium
1320 954 1380 985 per
1400 945 1530 976 obitum
1547 945 1697 976 Monaldi
1716 946 1756 977 de
1771 946 1977 984 Castrotino,
1997 948 2030 979 S.
2052 947 2092 978 A.
2106 956 2196 988 cap.;
2214 956 2290 979 cuin
2307 948 2376 980 dis-

771 1009 865 1039 pens.
883 1002 919 1031 ut
937 999 1097 1039 praedicta
1116 999 1318 1036 sacristiam,
1332 1007 1451 1030 canon.
1465 1000 1497 1030 et
1512 999 1615 1038 praeb.
1632 1008 1699 1030 una
1720 1008 1797 1030 cum
1812 999 2087 1032 archidiaconatu
2103 1001 2275 1041 Figiacen.
2293 1001 2374 1034 eccl.

770 1054 948 1085 Caturcen.
967 1055 999 1084 et
1011 1053 1089 1084 aliis
1106 1052 1232 1090 benef„
1251 1061 1324 1092 quae
1340 1052 1528 1083 habeantur
1543 1061 1604 1092 pro
1621 1053 1807 1092 expressis,
1825 1053 1971 1085 retinere
1983 1054 2105 1086 valeat.
2118 1072 2158 1077 -
2169 1054 2196 1086 Ι.
2215 1063 2244 1086 e.
2264 1063 2309 1087 m.
2325 1064 2376 1087 ar-

771 1107 876 1146 chiep.
883 1116 901 1138 o
918 1108 1063 1147 Aquen„
1080 1108 1111 1137 et
1127 1106 1342 1146 Mirapiscen.
1363 1115 1400 1137 ac
1413 1107 1540 1146 Regen.
1561 1106 1755 1146 praepositis
1769 1106 2003 1138 ecclesiarum.
2020 1107 2072 1148 (A.
2084 1109 2136 1145 31,
2149 1107 2171 1138 f.
2187 1109 2205 1139 5
2222 1107 2252 1129 ὓ·
2243 1107 2308 1146 ,V.
2323 1109 2374 1147 86,

771 1170 822 1200 ep.
843 1162 948 1199 1563)

820 1211 952 1244 41447.
972 1232 1011 1237 -
1031 1213 1167 1245 Guidoni
1182 1213 1219 1244 de
1238 1213 1399 1250 Turribus,
1419 1214 1540 1244 cantori
1560 1213 1632 1244 eccl
1655 1213 1858 1250 Lemovicen.‚
1877 1184 2073 1255 indulgetur
2088 1214 2175 1246 utin
2190 1214 2304 1255 aliquo
2319 1214 2377 1247 be-

764 1269 838 1299 nef.
859 1276 999 1298 suorum
1017 1267 1210 1304 residendo,
1229 1269 1284 1298 aut
1302 1267 1337 1297 in
1360 1276 1500 1298 romana
1518 1267 1612 1298 curia
1627 1267 1850 1304 immorando,
1865 1267 1944 1299 vel
1935 1276 1971 1298 1n
1987 1268 2100 1299 studio
2117 1268 2320 1306 litterarum,
2339 1268 2377 1300 in

770 1322 843 1352 loco
860 1321 919 1352 ubi
941 1321 1027 1352 illud
1050 1321 1208 1361 generale
1222 1321 1344 1360 vigeat,
1367 1321 1570 1358 insistendo,
1589 1321 1720 1352 fructus
1738 1322 1936 1353 eorumdem
1956 1321 2067 1353 benef.
2088 1330 2196 1362 usque
2213 1322 2255 1353 ad
2271 1322 2375 1354 trien-

771 1376 865 1406 nium
882 1375 1013 1414 integre
1031 1374 1207 1414 percipiat.
1228 1392 1266 1396 —
1288 1374 1315 1406 1.
1334 1383 1364 1404 e.
1389 1383 1434 1405 m.
1453 1374 1567 1405 abbati
1590 1376 1735 1406 monast.
1755 1384 1782 1405 s.
1800 1375 1911 1415 Sergii
1927 1383 2031 1415 prope
2051 1375 2258 1415 Andegavis,
2274 1377 2308 1407 et
2323 1375 2380 1407 de·

770 1438 853 1460 cano
869 1429 909 1459 de
926 1428 1074 1468 Capella,
1090 1428 1304 1459 Lemovicen.
1321 1427 1381 1465 di.,
1400 1437 1437 1459 ac
1448 1428 1574 1459 archid.
1591 1428 1749 1459 Marchiae
1763 1429 1978 1460 Lemovicen.
1999 1429 2079 1460 eccl.
2096 1429 2148 1469 (A.
2160 1430 2213 1466 30,
2230 1429 2254 1460 f.
2269 1430 2330 1461 397
2346 1434 2375 1466 ·;

776 1483 812 1514 V.
831 1484 881 1519 86,
899 1491 950 1522 ep.
967 1483 1073 1521 1890.)

816 1533 952 1565 41448.
971 1554 1009 1559 -
1025 1535 1057 1566 Ε
1057 1545 1114 1576 p.o
1127 1536 1295 1571 Mutinen„
1312 1541 1340 1566 et
1365 1535 1470 1566 abbati
1482 1540 1612 1566 monast.
1628 1546 1651 1567 s.
1674 1535 1762 1566 Petri
1778 1535 1946 1574 Mutinam„
1965 1545 2000 1566 ac
2020 1536 2140 1568 archid.
2162 1536 2374 1568 Ravennatem

769 1591 883 1621 mand.
902 1591 938 1621 ut
951 1590 1105 1627 Nicolao,
1123 1591 1201 1620 nato
1219 1589 1407 1620 Alexandri
1431 1589 1472 1620 de
1496 1590 1545 1620 La
1561 1589 1676 1627 Porta,
1699 1589 1784 1620 civis
1801 1590 1981 1626 Mutinen.,
1997 1589 2172 1621 conferant
2187 1589 2376 1630 archipres-

769 1643 964 1683 byteratum
982 1643 1062 1675 eccl.
1081 1652 1108 1674 s.
1126 1643 1342 1682 Archangeli,
1361 1643 1551 1674 Ariminen.
1573 1643 1633 1680 di.,
1652 1651 1726 1682 quae
1749 1643 1928 1683 collegiata
1945 1644 1977 1674 et
1999 1643 2154 1674 interris
2169 1644 2209 1675 R.
2229 1643 2267 1675 E.
2286 1643 2379 1675 exis-

769 1697 822 1733 tit,
842 1706 901 1736 per
918 1696 1047 1727 obitum
1061 1696 1217 1727 Danielis
1234 1696 1323 1735 apud
1343 1696 1377 1727 S.
1393 1698 1433 1726 A.
1452 1696 1579 1735 praevia
1595 1696 1996 1738 generaliJeservatione
2013 1696 2167 1727 omnium
2185 1697 2377 1737 collegiata-

769 1759 845 1781 rum
861 1750 895 1780 in
914 1750 1014 1781 dictis
1025 1750 1125 1781 terris
1143 1749 1403 1780 consistentium
1424 1758 1485 1788 per
1499 1750 1565 1780 PP.
1586 1749 1676 1780 facta
1693 1758 1785 1786 vac.;
1804 1758 1872 1780 non
1889 1749 1976 1780 obst.
1995 1750 2085 1790 quod
2103 1758 2145 1781 ex
2163 1750 2314 1790 dispens.
2333 1750 2379 1782 le-

769 1803 888 1843 gitima
904 1803 1163 1843 praeposituram
1186 1803 1266 1834 eccl.
1287 1811 1346 1834 ss
1364 1802 1491 1833 Senisii
1513 1804 1546 1834 et
1570 1802 1780 1843 Theopompi
1804 1803 1844 1834 de
1866 1803 2108 1842 Castroveteri,
2131 1803 2296 1835 Mutinen.
2315 1803 2375 1842 di.,

769 1866 870 1897 quam
895 1857 1065 1888 dimittere
1086 1857 1232 1891 tenetur,
1250 1857 1283 1887 et
1298 1856 1333 1886 in
1357 1865 1383 1886 s.
1401 1856 1544 1887 Joannis
1563 1856 1604 1887 de
1624 1856 1779 1896 Bajoaria
1797 1865 1928 1895 cauom,
1946 1859 1979 1888 et
1995 1857 2029 1889 S.
2046 1857 2091 1889 M.
2111 1857 2152 1888 de
2170 1857 2377 1890 Casmalbeli

769 1919 806 1942 ac
824 1920 850 1942 s.
869 1910 1032 1950 Stephani
1056 1910 1097 1941 de
1114 1911 1262 1946 Razano,
1279 1909 1446 1941 Mutinen.
1467 1909 1526 1946 di.,
1547 1909 1628 1941 eccl.
1648 1910 1828 1941 clericatus
1845 1909 2004 1948 obtineat,
2023 1911 2056 1942 et
2080 1910 2257 1950 decanon.
2277 1911 2378 1942 Muti-

767 1965 884 1996 nensis
900 1964 1052 1995 ecclesiae
1074 1963 1137 1994 sub
1156 1972 1252 2003 exsp.
1269 1963 1372 2003 praeb.
1402 1963 1562 2003 provisus
1585 1964 1646 2000 sit;
1668 1963 1778 2003 gratia
1795 1965 1908 1995 autem
1925 1972 2020 2004 exsp.
2049 1964 2206 1995 beneficii
2230 1973 2258 1996 c.
2275 1973 2303 1996 c.
2321 1964 2376 1996 vel

768 2028 794 2049 s.
815 2027 857 2055 c.,
882 2018 923 2048 ad
946 2025 1061 2057 epum
1090 2018 1123 2048 et
1148 2017 1250 2056 capit.
1274 2017 1437 2048 Mutinen.
1467 2017 1666 2056 spectantis,
1682 2018 1758 2056 post
1782 2017 2031 2049 assecutionem
2057 2017 2139 2049 dicti
2165 2018 2374 2058 archipresb.

766 2072 877 2111 quoad
893 2070 1004 2102 benef.
1023 2079 1050 2102 c.
1071 2079 1098 2101 c.
1117 2070 1288 2106 irritatur;
1308 2070 1337 2100 si
1363 2078 1442 2101 vero
1460 2069 1656 2110 hujusmodi
1679 2069 1790 2102 benef.
1810 2079 1837 2101 c.
1862 2080 1903 2107 c.,
1926 2073 2107 2111 antequam
2123 2071 2303 2111 praefatum
2320 2080 2375 2103 ar-

766 2124 934 2164 chipresb.
951 2124 1095 2156 forsitan
1110 2124 1324 2163 assequatur,
1339 2125 1524 2163 praesentes
1538 2123 1659 2155 litterae
1673 2124 1804 2155 nullius
1820 2124 2111 2156 existantroboris
2123 2125 2178 2156 vel
2193 2125 2374 2162 momenti;

766 2188 841 2209 cum
859 2179 1011 2218 dispens.
1031 2186 1133 2218 super
1149 2177 1282 2208 defectu
1296 2177 1418 2212 aetatis,
1438 2178 1490 2215 (22
1504 2178 1586 2215 an.).
1604 2177 1658 2217 (A.
1673 2178 1726 2215 30,
1741 2177 1765 2208 f.
1782 2179 1843 2209 434
1859 2183 1891 2216 ⁸;
1912 2177 1944 2208 V.
1962 2179 2014 2216 87,
2030 2187 2083 2218 ep.
2099 2178 2206 2218 2089.)

811 2228 946 2260 41449.
970 2249 1008 2253 —
1035 2229 1199 2262 Guillelmo
1223 2229 1260 2260 de
1278 2229 1371 2260 Oculo
1397 2229 1642 2260 molendinorum
1667 2231 1808 2268 dudum,
1834 2231 1964 2263 consid.
1989 2232 2031 2264 cl.
2060 2240 2105 2263 m.
2124 2231 2255 2269 Jacobi,
2283 2231 2374 2272 regis

767 2286 976 2325 Aragonum,
992 2285 1033 2315 de
1051 2293 1169 2315 canon.
1190 2283 1255 2315 sub
1277 2292 1374 2323 exsp.
1399 2283 1501 2323 praeb.
1522 2284 1672 2315 ecclesiae
1690 2284 1938 2316 Barchinonen.
1958 2285 2109 2324 proviso,
2127 2285 2323 2326 indulgetur
2337 2286 2376 2317 ut

762 2339 832 2379 jus,
852 2339 943 2379 quod
959 2338 1001 2369 ad
1017 2347 1088 2369 rem
1106 2338 1142 2368 in
1157 2337 1318 2372 acolitali‚
1336 2337 1390 2368 vel
1407 2337 1643 2368 subdiaconali
1663 2339 1721 2368 aut
1739 2338 1907 2369 diaconali
1922 2338 2102 2378 praebenda
2118 2347 2161 2370 ex
2175 2338 2375 2379 hujusmodi

764 2393 874 2432 gratia
900 2392 966 2423 sibi
992 2391 1216 2430 competebat,
1235 2391 1368 2422 salvum
1394 2392 1568 2422 remaneat
1585 2400 1622 2422 ac
1642 2391 1672 2422 si
1693 2400 1761 2422 non
1785 2393 1875 2423 esset
1892 2392 1926 2422 in
1951 2392 2064 2431 presb.
2086 2394 2280 2432 promotus;
2299 2392 2374 2433 ipse

765 2446 868 2483 enim,
885 2447 965 2476 tunc
987 2453 1104 2476 canon.
1125 2445 1157 2476 et
1183 2443 1286 2484 praeb.
1314 2444 1393 2475 eccl.
1412 2444 1597 2476 Ilerdensis
1626 2444 1796 2483 obtinens,
1823 2445 2053 2485 parochialem
2079 2446 2161 2477 eccl.
2187 2446 2228 2477 de
2252 2446 2375 2486 Regali

764 2508 793 2530 c.
813 2508 855 2535 c.,
870 2499 1095 2530 Terraconen.
1115 2498 1174 2533 di.,
1191 2493 1410 2537 postmodum
1432 2498 1547 2538 vigore
1565 2498 1756 2529 litterarum
1774 2500 1882 2538 apost.
1901 2499 2087 2538 acceptavit
2102 2491 2187 2538 etin
2201 2499 2318 2539 presb.
2335 2508 2372 2531 se

764 2552 957 2592 promoveri
979 2552 1072 2589 fecit,
1090 2552 1150 2582 sed
1167 2551 1208 2582 de
1230 2551 1475 2582 consuetudine
1493 2552 1588 2583 dictae
1612 2552 1764 2583 ecclesiae
1786 2552 2036 2584 Barchinonen.
2060 2552 2146 2583 inibi
2172 2552 2374 2585 observatur

765 2606 855 2646 quod
870 2605 1049 2645 presbyter
1062 2604 1277 2645 praebendam
1303 2604 1508 2642 acolitalem‚
1527 2613 1588 2636 seu
1607 2605 1885 2637 subdiaconalem
1901 2605 1955 2636 vel
1975 2598 2186 2637 diaconalem
2201 2606 2237 2637 in
2253 2607 2371 2638 eadem

764 2659 1009 2690 Barchinonen.
1032 2658 1176 2690 ecclesia
1193 2659 1337 2698 nequeat
1354 2657 1518 2689 obtinere.
1537 2659 1591 2698 (A.
1607 2660 1658 2696 30,
1677 2659 1700 2690 f.
1716 2660 1777 2690 544
1794 2658 1826 2696 ¹³3
1850 2659 1884 2690 V.
1902 2660 1953 2694 87,
1973 2668 2026 2699 ep.
2042 2660 2150 2698 2316.)

810 2709 944 2742 41450.
965 2730 1002 2735 -
1017 2711 1146 2749 Joanm',
1164 2711 1322 2753 archiep.o
1337 2711 1494 2747 Toletano,
1509 2711 1653 2743 facultas
1668 2712 1888 2751 dispensandi
1907 2712 2049 2744 clericos
2065 2721 2205 2744 suarum
2221 2713 2372 2745 civitatis

764 2767 797 2797 et
811 2767 856 2798 di.
884 2774 986 2805 super
1003 2765 1264 2805 irregularitate,
1287 2774 1390 2804 quam
1413 2767 1656 2796 contraxerunt
1673 2774 1712 2796 eo
1732 2766 1822 2805 quod
1846 2766 2221 2802 excommunicationis,
2247 2766 2302 2798 vel
2317 2767 2370 2798 in-

763 2820 898 2852 terdicti
915 2828 975 2851 seu
991 2819 1230 2859 suspensionis
1247 2818 1428 2850 sententiis
1446 2818 1608 2856 innodati,
1626 2819 1681 2850 vel
1701 2819 1736 2849 in
1751 2819 1837 2850 locis
1852 2819 2044 2851 interdictis
2062 2819 2169 2860 ejusd.
2189 2820 2234 2850 di.
2255 2819 2372 2851 divina

763 2873 877 2905 officia
899 2873 1124 2904 celebrarunt.
1142 2873 1194 2911 (Α.
1214 2874 1265 2910 30,
1282 2872 1303 2903 f.
1322 2873 1383 2904 507
1403 2871 1432 2908 b;
1455 2871 1489 2902 V.
1507 2873 1559 2910 87,
1579 2880 1632 2912 ep.
1650 2872 1758 2908 2317.)

808 2924 945 2956 41451.
964 2945 1002 2950 -
1018 2926 1188 2956 Laurentio
1207 2925 1338 2956 Martini
1353 2925 1488 2957 collatio
1514 2934 1632 2957 canon.
1651 2927 1684 2957 et
1706 2925 1810 2966 praeb.
1828 2926 2050 2958 sacerdotalis
2070 2926 2150 2958 eccl.
2170 2926 2368 2965 Ilerdensis,

762 2981 954 3012 vacantium
977 2988 1037 3020 per
1059 2979 1349 3011 consecrationem
1372 2979 1527 3016 Arnaldi,
1545 2979 1613 3019 ep.i
1630 2979 1829 3016 Ilerdensis‚
1855 2988 1921 3011 non
1948 2979 2036 3011 obst.
2064 2980 2154 3020 quod
2179 2979 2368 3019 portionem

762 3043 856 3075 perp.
875 3034 910 3065 in
929 3033 1009 3065 eccl.
1025 3033 1201 3068 Toletana‚
1220 3034 1253 3064 et
1268 3032 1498 3072 parochialem
1516 3033 1598 3064 eccl.
1617 3041 1645 3064 s.
1666 3033 1814 3070 Mathaei,
1834 3034 1867 3064 et
1882 3033 2086 3065 beneficium
2101 3033 2367 3074 praestimoniale
