2606 3490
258 432 364 459 Datum
384 427 570 461 Avenione.

297 639 338 667 23
351 643 422 675 sept.
440 639 529 668 1327.

311 688 354 720 (1x
368 685 429 712 kal.
445 685 518 721 oct.)

321 729 353 758 T.
368 729 415 763 XI,
430 730 503 758 XIII.

374 909 410 936 Ut
430 917 455 938 8.

319 953 351 980 Τ.
366 953 414 988 ΧΙ,
429 953 503 983 XIII.

371 1070 406 1098 Ut
424 1079 448 1099 s.

317 1115 349 1144 Τ.
365 1115 412 1150 XI,
430 1115 503 1143 XIII.

367 1283 404 1311 Ut
425 1291 448 1311 8.

348 1328 380 1356 Τ.
400 1329 471 1357 XVI.

370 1391 406 1419 Ut
421 1400 445 1419 s.

315 1436 347 1466 T.
364 1436 411 1471 XI,
430 1436 503 1464 XIII.

365 1659 402 1687 Ut
420 1668 444 1687 8.

353 1704 384 1732 Τ.
406 1705 462 1732 XX.

363 1927 400 1955 Ut
420 1937 444 1956 s.

330 1972 360 2000 T.
382 1973 477 2000 XXVI.

364 2141 400 2168 Ut
421 2150 445 2169 s.

309 2185 340 2213 T.
357 2186 403 2219 XI,
420 2186 492 2214 XIII.

365 2409 400 2437 Ut
419 2418 445 2438 s.

326 2453 358 2481 T.
379 2454 475 2483 XXIV.

362 2570 399 2598 Ut
414 2579 439 2600 s.

328 2614 359 2642 Τ.
378 2615 473 2643 XXIV.

360 2837 396 2864 Ut
414 2845 438 2865 s.

341 2881 373 2909 T.
394 2882 451 2909 XX.

627 338 803 371 JOANNIS
826 340 946 372 PAPAE
967 341 1070 372 XXII.
1094 341 1345 382 (1316-1334).
1369 358 1408 364 —
1430 341 1617 372 LITTERAE
1640 341 1867 373 COMMUNES
2232 345 2269 375 21

660 535 718 573 tis,
738 536 850 575 quoad
878 535 1138 566 instructionem
1158 534 1398 565 ministrorum
1415 533 1514 564 dictae
1540 533 1635 570 0001.,
1654 534 1765 573 quoad
1789 534 1990 566 electionem
2014 536 2082 575 ep.i
2105 545 2132 567 s.
2149 537 2272 577 Papuli

660 597 791 620 necnon
810 589 921 628 quoad
935 589 1135 619 thesaurum
1150 587 1261 628 ipsius
1274 579 1355 618 0001.
1372 586 1424 627 (Α.
1443 588 1496 623 30,
1514 587 1537 617 1.
1554 588 1616 617 243
1632 592 1661 623 ⁸3
1686 586 1719 618 V.
1739 588 1790 625 86,
1808 596 1861 627 ep.
1885 588 1992 629 1500.)

704 639 841 671 29915.
857 660 895 664 —-
914 641 1031 673 Garsiae
1045 641 1082 671 de
1097 641 1195 681 Ayra,
1216 640 1295 670 alias
1309 639 1392 670 dicto
1408 639 1582 678 Dominico,
1601 639 1675 670 cler.
1694 640 1800 671 Oscen.
1821 640 1879 677 di.,
1894 642 2004 681 gratia
2020 651 2117 682 exsp.
2134 645 2269 683 paroch.

659 695 742 726 eccl.
758 696 799 726 de
825 696 980 731 Porrera,
999 695 1224 726 Terraconen.
1241 694 1301 730 di.,
1319 695 1372 732 (20
1387 693 1410 724 1.
1429 693 1481 732 1.),
1499 702 1561 733 per
1578 694 1828 725 assecutionem
1850 703 1870 725 a
1894 694 2096 727 Sebastiano
2113 697 2154 728 de
2177 698 2273 729 Tala-

658 757 740 780 vera
756 749 944 780 faciendam
960 749 1001 779 de
1022 747 1157 788 paroch.
1177 748 1258 779 eccl.
1274 748 1315 778 de
1341 747 1448 779 Oculo
1467 747 1755 786 Molendinorum,
1779 748 1887 787 ejusd.
1906 748 1965 785 di.,
1983 749 2052 789 ipsi
2066 758 2127 789 per
2142 751 2271 791 Papam

659 803 794 839 collata,
811 802 967 842 proxime
981 802 1161 833 vacaturae.
1178 818 1214 824 —
1233 801 1272 832 In
1288 809 1318 832 e.
1337 810 1383 832 m.
1402 800 1530 832 archid.
1546 809 1574 831 8.
1592 801 1776 832 Fructuosi
1794 802 2035 839 Tarraconen„
2054 805 2087 834 et
2107 805 2271 841 sacristae,

658 865 695 888 ac
710 856 811 887 Petro
823 855 864 886 de
880 855 1025 890 Currali‚
1044 864 1116 886 can.
1137 855 1338 886 Tirasonen.
1355 854 1589 886 ecclesiarum.
1606 854 1661 895 (A.
1677 856 1729 892 29,
1744 855 1767 885 1.
1787 857 1845 887 129
1857 854 1888 893 ¹‘;
1912 855 1945 886 V.
1961 857 2014 892 85,
2030 865 2082 896 ep.
2103 857 2172 898 97.)

705 906 842 938 29916.
858 924 897 930 -
916 907 1009 939 Petro
1024 908 1176 939 Brunerii
1188 907 1225 939 de
1236 907 1366 939 Albiaco
1380 908 1518 939 collatio
1532 916 1650 939 canon.
1666 908 1730 939 sub
1746 917 1841 948 exsp.
1855 909 1960 948 praeb.
1979 910 2061 941 eccl.
2072 910 2269 944 Gebennen.

657 979 696 984 —
710 962 735 993 I.
759 971 788 993 0.
816 971 862 994 111.
880 962 919 993 de
945 962 1104 994 Talueris
1123 964 1156 993 et
1178 971 1206 993 s.
1226 962 1376 993 Victoris
1394 961 1581 1001 prioribus,
1602 961 1798 994 Gebennen.
1820 962 1881 1000 di.,
1900 971 1938 994 ac
1955 963 2115 1004 Philippo
2132 965 2272 1006 Rovoy-

656 1016 713 1051 rii.
732 1024 806 1046 can.
818 1016 1009 1048 Lausanen.
1026 1016 1079 1055 (A.
1098 1017 1151 1052 29,
1172 1016 1197 1046 1.
1217 1017 1276 1047 168
1293 1021 1322 1051 ἃ,
1345 1015 1379 1045 V.
1396 1017 1447 1051 85,
1464 1024 1517 1055 ep.
1533 1016 1620 1054 100.)

702 1067 840 1099 29917.
856 1087 893 1092 -
911 1068 1009 1100 Heliae
1031 1069 1194 1110 Flaminqi
1213 1069 1351 1100 collatio
1368 1077 1488 1100 canon.
1506 1068 1570 1099 sub
1594 1077 1692 1108 exsp.
1708 1069 1812 1109 praeb.
1831 1070 1911 1101 0001.
1933 1079 1960 1101 8.
1979 1071 2132 1110 Juniani,
2150 1073 2271 1104 Lemo-

656 1123 805 1154 vicensis
828 1123 893 1160 di.;
912 1132 979 1154 non
1002 1123 1090 1155 obst.
1117 1123 1254 1164 paroch.
1275 1123 1356 1154 eccl.
1383 1123 1424 1154 de
1448 1122 1642 1163 Moysones,
1660 1123 1758 1154 dictae
1773 1123 1820 1154 di.
1839 1142 1877 1146 —
1892 1124 1932 1155 In
1949 1133 1978 1155 e.
2002 1133 2047 1156 m.
2066 1125 2179 1158 abbati
2197 1136 2270 1159 mo-

655 1177 798 1208 nasterii
814 1186 860 1208 ss.
876 1177 986 1217 Sergii
1008 1179 1041 1208 et
1063 1176 1168 1208 Bachi
1189 1186 1294 1217 prope
1318 1177 1525 1217 Andegavis,
1544 1185 1582 1207 ac
1599 1176 1817 1208 Lemovicen.
1836 1178 1869 1208 et
1883 1178 2117 1218 Engolismen.
2133 1180 2271 1213 decanis

655 1231 736 1262 eccl.
758 1230 809 1266 (A.
827 1232 878 1268 29,
896 1231 918 1261 1.
941 1232 999 1262 187
1015 1236 1044 1267 ²3
1067 1230 1104 1262 V.
1124 1232 1176 1268 85,
1196 1239 1249 1270 ep.
1268 1230 1352 1270 124.)

700 1281 839 1313 29918.
858 1303 895 1307 -
911 1285 1119 1317 Reservatur
1133 1284 1309 1316 collationi
1326 1284 1360 1315 S.
1372 1285 1412 1316 A.
1429 1283 1638 1324 parochialis
1655 1284 1736 1315 0001.
1751 1293 1779 1315 8.
1791 1284 1918 1316 Felicis
1933 1285 1975 1316 de
1989 1285 2107 1326 Rogis,
2125 1286 2271 1319 Nemau-

655 1346 727 1368 sen.
746 1338 805 1374 di.,
824 1338 922 1378 quus
938 1339 1133 1369 Bernardus
1151 1338 1337 1370 Guisoardi
1351 1338 1461 1369 rector
1476 1338 1605 1369 existit.
1622 1338 1676 1378 (A.
1693 1339 1746 1375 29,
1767 1338 1791 1369 1.
1808 1339 1867 1369 182
1885 1344 1913 1375 ¹,-
1943 1338 1977 1369 V.
1995 1340 2048 1378 85,
2065 1348 2118 1379 ep.
2138 1341 2225 1379 134.)

700 1388 838 1421 29919.
857 1410 894 1414 -
917 1392 1081 1423 Ber-nardo
1098 1392 1134 1423 de
1158 1402 1182 1424 s.
1199 1391 1372 1433 Stephano,
1397 1391 1471 1421 cler.
1500 1391 1675 1423 Gerunden.
1702 1391 1760 1428 di.,
1776 1392 1887 1431 gratia
1911 1401 2007 1433 exsp.
2029 1393 2141 1425 benef.
2166 1396 2271 1427 eccle-

655 1445 752 1477 siast.
774 1455 802 1477 c.
822 1455 850 1477 0.
869 1446 924 1477 vel
942 1447 983 1486 (s.
1000 1455 1027 1477 c.
1042 1448 1083 1478 40
1100 1446 1124 1477 l.
1139 1447 1178 1486 t.)
1198 1446 1240 1477 ad
1256 1445 1325 1485 ep.i
1343 1447 1377 1477 et
1393 1446 1496 1485 capit.
1515 1446 1637 1477 Elnen.
1656 1446 1919 1485 dispositionem
1934 1447 2076 1486 pertin.;
2095 1457 2162 1479 non
2180 1449 2268 1481 obst.

652 1507 748 1538 perp.
766 1499 878 1531 benef.
896 1500 1086 1532 ecclesiast.
1107 1509 1135 1531 s.
1153 1508 1181 1531 0.
1199 1500 1235 1530 111
1261 1500 1342 1531 0001.
1363 1499 1485 1531 Ε111011.
1504 1517 1543 1522 —-
1559 1499 1585 1531 1.
1606 1508 1635 1530 e.
1652 1508 1697 1530 m.
1717 1508 1792 1539 ep.o
1819 1500 2028 1540 Maj0ricen.‚
2046 1502 2078 1532 et
2104 1502 2181 1534 abb.
2200 1512 2270 1534 mo-

653 1555 742 1584 nast.
766 1562 793 1584 8.
811 1554 904 1585 Ρο111
927 1554 968 1585 (10
984 1553 1188 1591 Bisulduno,
1204 1554 1399 1585 Gerunden.
1417 1553 1478 1591 di.,
1494 1555 1527 1584 et
1547 1553 1675 1584 archid.
1701 1554 1949 1594 Impuritanen.
1967 1554 2002 1585 in
2029 1556 2110 1586 eccl.
2139 1556 2270 1588 Gerun-

652 1607 728 1638 den.
748 1607 800 1647 (A.
819 1609 871 1645 29,
890 1607 912 1638 f.
929 1608 990 1639 210
1008 1607 1038 1645 ¹³3
1061 1607 1098 1639 V.
1116 1609 1168 1645 85,
1187 1616 1239 1647 ep.
1255 1607 1338 1647 171.)

698 1658 836 1691 29920.
856 1679 894 1685 -
916 1661 1095 1692 Bertrando
1111 1671 1136 1693 s.
1157 1661 1301 1692 Marcelli
1322 1661 1426 1702 presb.
1444 1661 1545 1695 card.,
1565 1661 1605 1691 A.
1625 1660 1658 1692 S.
1680 1660 1792 1702 Ιεῃαιο,
1819 1661 1966 1692 facultas
1988 1664 2186 1694 reservandi
2202 1664 2268 1696 col-

651 1714 710 1746 lat.
740 1723 810 1746 suae
841 1714 1046 1746 beneficium
1075 1715 1264 1747 ecclesiast.
1290 1716 1363 1756 (100
1384 1715 1457 1746 flor.
1488 1715 1575 1753 auri)
1603 1715 1738 1745 etiamsi
1769 1715 1876 1755 dign„
1899 1715 1954 1746 vel
1981 1719 2184 1755 personatus
2211 1719 2268 1749 aut

652 1768 707 1799 off.
729 1768 855 1799 existat
873 1770 905 1799 et
921 1777 1037 1800 curam
1053 1768 1175 1800 habeat
1190 1769 1395 1805 animarum,
1412 1769 1448 1799 in
1465 1768 1510 1799 di.
1527 1768 1725 1804 castellan„
1743 1768 1867 1799 Joanni
1883 1777 1960 1808 ep.o
1978 1770 2159 1810 Crapulen.
2179 1780 2267 1802 com-

650 1822 892 1860 mendandum,
906 1831 949 1853 ex
965 1831 1004 1854 eo
1021 1822 1112 1862 quod
1126 1823 1258 1853 fructus
1274 1831 1401 1853 mensae
1415 1822 1568 1862 ejusdem
1585 1822 1653 1862 ep.i
1669 1823 1709 1854 50
1724 1823 1799 1853 flor.
1818 1823 1894 1853 auri
1912 1824 1991 1854 sunt
2013 1824 2119 1855 nimis
2133 1826 2265 1857 tenues.

652 1875 705 1914 (A.
718 1877 770 1914 29,
787 1875 811 1906 f.
825 1877 885 1907 614
902 1881 931 1913 ⁸;
960 1876 997 1907 V.
1015 1877 1067 1913 85,
1085 1885 1138 1915 ep.
1156 1877 1244 1915 948.)

695 1926 832 1959 29921.
846 1948 880 1952 -
894 1929 1007 1960 Eidem
1022 1938 1083 1969 pro
1097 1929 1356 1961 confirmatione
1374 1929 1552 1960 electionis
1569 1928 1665 1960 factae
1677 1929 1792 1960 favore
1807 1929 1969 1961 Servodei
1982 1930 2122 1968 Donati,
2135 1932 2264 1970 presb.,

648 1991 743 2023 perp.
762 1982 954 2015 beneficiati
976 1983 1012 2014 in
1028 1983 1109 2014 0001.
1129 1992 1157 2014 8.
1174 1983 1301 2015 Felicis
1319 1983 1359 2014 de
1380 1983 1548 2021 Venetiis‚
1567 1983 1752 2014 Castellan.
1772 1983 1830 2020 di.,
1850 1983 1886 2014 in
1903 1984 2087 2023 plebanum
2104 1985 2265 2024 plebana-

648 2037 705 2068 tus
718 2036 826 2077 ejusd.
846 2037 926 2068 eccl.
943 2037 996 2076 (10
1019 2037 1092 2068 flor.
1110 2037 1199 2075 auri)
1216 2045 1277 2076 per
1302 2036 1432 2068 obitum
1450 2036 1544 2068 Petri
1568 2036 1698 2076 Pagani
1716 2045 1769 2076 ap.
1787 2037 1821 2069 S.
1842 2037 1883 2068 A.
1902 2037 2030 2077 praevia
2046 2038 2199 2077 generali
2214 2047 2265 2070 re-

649 2090 842 2122 servatione
858 2090 1023 2121 vacantis.
1043 2090 1097 2130 (A.
1118 2092 1168 2127 29,
1188 2090 1211 2120 1.
1231 2091 1291 2122 615
1307 2095 1336 2127 ³;
1360 2089 1393 2121 V.
1411 2091 1463 2127 85,
1481 2099 1534 2129 ep.
1551 2091 1637 2129 956.)

693 2141 832 2173 29922.
852 2163 890 2167 -
914 2143 1046 2175 Vernero
1065 2143 1243 2181 Truturini,
1261 2143 1298 2174 de
1314 2143 1525 2183 Confluentia,
1545 2152 1640 2183 perp.
1666 2144 1794 2175 vicario
1819 2144 1938 2175 altaris
1953 2153 1980 2175 s.
1999 2144 2131 2175 Liborii
2153 2145 2209 2177 siti
2227 2146 2262 2177 in

647 2198 728 2229 eccl.
753 2206 780 2229 8.
799 2197 931 2229 Florini
960 2198 995 2228 in
1023 2197 1246 2232 Confluentia,
1272 2194 1455 2229 Treveren.
1481 2198 1540 2235 di.,
1568 2206 1663 2236 prov.
1688 2206 1807 2229 canon.
1836 2197 1900 2228 sub
1932 2206 2029 2237 exsp.
2058 2198 2161 2238 praeb.
2181 2200 2262 2231 eccl.

646 2260 674 2283 s.
696 2251 848 2283 Castoris
874 2252 1078 2288 Cardonen„
1093 2252 1276 2283 Treveren.
1297 2252 1342 2282 di.
1360 2269 1399 2275 -—
1423 2251 1451 2282 Ι.
1468 2260 1497 2282 0.
1515 2260 1560 2282 m.
1579 2251 1705 2282 decano
1726 2260 1753 2282 s.
1775 2251 1914 2292 Georgii
1937 2252 2126 2289 Colonien.,
2146 2254 2178 2284 et
2195 2253 2262 2284 the-

647 2314 738 2337 saur.
758 2315 785 2337 S.
804 2306 958 2337 Castoris
974 2306 1009 2336 in
1026 2305 1446 2342 Confluentia,Treveren.
1462 2305 1521 2342 di.,
1534 2314 1571 2336 ac
1585 2305 1723 2336 scolast.
1741 2305 1877 2336 Tullen.
1892 2305 1972 2336 eccl.
1990 2306 2043 2346 (A.
2057 2307 2107 2344 30,
2125 2306 2148 2337 1.
2161 2308 2221 2338 590
2231 2312 2244 2328 ³
2250 2316 2260 2345 3

652 2358 686 2390 V.
703 2361 755 2397 87,
772 2368 823 2399 ep.
841 2359 949 2399 2411.)

693 2410 830 2443 29923.
849 2431 888 2436 -
907 2413 1033 2445 Guetelo
1059 2413 1237 2454 Tempestae,
1255 2412 1402 2443 advocato
1423 2412 1591 2450 Tervisin.,
1609 2412 1732 2443 indult.
1750 2413 1787 2443 ut
1804 2412 1981 2443 confessor
1998 2413 2066 2452 ipsi
2086 2413 2121 2443 in
2139 2413 2261 2445 mortis

645 2467 786 2498 articulo
814 2467 951 2507 plenam
975 2467 1218 2498 remissionem
1241 2467 1459 2506 peccatorum
1485 2467 1669 2497 concedere
1697 2466 1820 2497 valeat.
1847 2466 1899 2506 (A.
1925 2467 1977 2503 31,
1993 2465 2018 2496 1.
2036 2468 2076 2498 44
2092 2466 2124 2503 ¹³3
2149 2467 2183 2498 V.
2205 2468 2258 2505 87,

644 2529 697 2560 ep.
715 2521 823 2558 2686.)

689 2571 828 2604 29924.
846 2591 885 2597 —
899 2574 1007 2604 Priori
1021 2584 1046 2604 s.
1062 2573 1172 2605 Jacobi
1185 2573 1223 2604 de
1238 2573 1390 2605 Schiriali
1409 2583 1506 2615 prope
1524 2573 1552 2604 Τ
1549 2574 1706 2610 ervisium,
1723 2577 1751 2603 et
1765 2572 1892 2609 decano,
1910 2583 1947 2603 ac
1961 2573 2055 2603 Petro
2073 2573 2111 2603 de
2134 2573 2256 2604 Vincen-

645 2627 701 2664 tia,
720 2637 790 2658 can.
815 2627 886 2658 eccl.
906 2627 1074 2663 Tervisin.,
1099 2628 1213 2659 mand.
1228 2629 1265 2659 ut
1288 2627 1497 2665 Bartholino,
1522 2629 1601 2658 nato
1629 2627 1753 2666 quond.
1771 2626 1915 2658 Gerardi
1935 2627 1976 2657 de
2000 2627 2158 2666 Spineda,
2175 2627 2256 2658 cler.

644 2681 829 2719 Tervisin.,
847 2681 1023 2712 conferant
1040 2690 1146 2712 unum
1160 2690 1177 2712 e
1195 2681 1328 2712 duobus
1350 2681 1526 2721 perpetuis
1546 2680 1659 2712 benef.
1674 2680 1803 2711 curatis
1818 2680 1854 2710 in
1873 2680 1953 2711 eccl.
1972 2689 1999 2711 s.
2021 2680 2197 2711 Laurentii
2216 2680 2256 2711 de

643 2735 781 2770 Mestre,
799 2735 968 2766 Tervisin.
990 2735 1050 2773 di.,
1067 2743 1138 2766 vac.
1156 2743 1217 2774 per
1233 2735 1364 2766 obitum
1379 2734 1474 2766 Petri
1492 2743 1519 2765 s.
1536 2734 1660 2774 Angeli
1683 2734 1770 2764 diac.
1790 2733 1892 2772 card.,
1914 2742 1967 2773 ap.
1986 2734 2019 2765 S.
2036 2734 2076 2764 A.
2093 2733 2255 2771 defuncti,

644 2788 741 2828 cujus
758 2787 923 2819 beneficia
940 2796 1028 2828 papa
1043 2787 1203 2827 disposit.
1223 2797 1293 2819 suae
1309 2788 1508 2819 reservavit.
1527 2788 1580 2827 (A.
1598 2788 1650 2824 31,
1669 2786 1691 2818 f.
1710 2787 1750 2817 82
1766 2786 1796 2823 ¹³3
1822 2786 1852 2816 V.
1869 2787 1921 2823 87,
1939 2795 1991 2825 ep.
2006 2787 2114 2824 2795.)

690 2838 827 2870 29925.
844 2859 882 2864 -
899 2842 961 2872 Feo
976 2841 1059 2872 Lotti
1074 2841 1164 2873 Corsi
1178 2841 1216 2872 de
1242 2841 1483 2879 Vicecomitibus,
1500 2841 1624 2872 rectori
1637 2840 1773 2880 paroch.
1792 2840 1874 2870 0001.
1893 2848 1920 2870 s.
1933 2838 2085 2878 Philippi
2101 2839 2141 2869 de
2157 2839 2256 2870 Vice-

644 2893 827 2925 comitibus
851 2895 980 2930 Pisan.‚
1001 2895 1059 2935 qui
1084 2895 1175 2926 infra
1196 2903 1321 2926 annum
1344 2903 1364 2926 a
1379 2897 1531 2935 tempore
1555 2894 1731 2925 commissi
1756 2892 1824 2924 sibi
1850 2892 2029 2932 regiminis
2056 2892 2153 2923 dictae
2171 2892 2252 2924 eccl.

644 2955 713 2978 non
730 2955 766 2978 se
782 2947 863 2979 fecit
879 2948 922 2979 ad
937 2948 1071 2988 aliquos
1087 2948 1226 2980 ordines
1241 2949 1436 2988 promoveri
1454 2948 1577 2988 cuique
1592 2956 1659 2978 non
1680 2948 1813 2977 tantum
1834 2947 1991 2985 superest
2008 2945 2048 2979 de
2066 2954 2153 2977 anno
2170 2954 2254 2985 prae-

646 2999 748 3036 dicto,
767 3000 858 3032 infra
879 3010 980 3041 quem
1001 3002 1109 3033 adhuc
1131 3011 1207 3034 esse
1226 3002 1426 3037 dinoscitur,
1445 3001 1534 3041 quod
1558 3001 1669 3040 possit
1687 2999 1827 3031 statutis
1850 3008 1869 3030 a
1890 2999 1966 3039 Jure
1988 2999 2200 3039 temporibus
2217 3000 2253 3031 in

646 3053 760 3092 presb.
781 3054 944 3091 ordinari,
959 3055 1154 3095 indulgetur
1179 3057 1218 3087 ut
1241 3055 1407 3087 insistens
1430 3054 1621 3086 scolasticis
1647 3052 1854 3093 disciplinis,
1874 3052 1910 3083 in
1932 3052 2006 3083 1000
2023 3052 2082 3083 ubi
2099 3052 2252 3084 studium
