2560 3476
205 422 313 450 Datum
333 418 516 451 Avenione.

257 524 295 552 18
308 523 363 558 seb.
383 523 471 552 1328.

238 569 294 603 (xu
313 569 372 596 kal.
387 569 488 600 mart.)

314 613 345 640 T.
363 613 418 640 XL.

323 684 359 712 Ut
377 693 401 712 s.

265 727 295 755 T.
315 728 374 762 XII,
390 728 460 756 XIV.

327 894 361 922 Ut
378 902 400 921 s.

221 939 252 966 Τ.
269 939 303 966 XI
321 939 367 974 ¹l2,
382 939 442 966 XIII
461 941 506 973 ¹l2—

326 1161 360 1188 Ut
378 1169 400 1188 s.

265 1205 295 1232 T.
313 1205 373 1238 XII,
392 1205 462 1233 XIV.

325 1373 361 1401 Ut
381 1382 404 1401 s.

288 1417 318 1445 Τ.
341 1417 435 1446 XXIV.

323 2069 358 2096 Ut
379 2077 402 2095 s.

307 2113 336 2139 T.
355 2113 411 2140 XX.

328 2816 361 2843 Ut
380 2825 403 2843 ε.

272 2860 303 2887 T.
321 2861 367 2894 XI,
385 2860 456 2888 XIII.

576 331 750 363 JOANNIS
774 332 893 363 PAPAE
914 333 1016 364 XXII.
1041 336 1289 374 (1316-1334).
1311 355 1350 360 -—
1373 337 1560 368 LITTERAE
1583 337 1808 369 COMMUNES
2152 339 2210 371 177

651 528 662 539 “
679 525 814 558 40461.
832 547 870 552 -
886 529 921 560 S.
942 529 1050 560 Crucis
1063 529 1224 567 Leodien.,
1241 541 1265 562 s.
1284 531 1372 561 Petri
1389 531 1561 572 Trajecten.
1580 542 1616 562 ac
1632 542 1658 562 s.
1681 532 1826 564 Gereonis
1850 531 2009 564 Colonien.
2029 533 2138 565 decani
2157 535 2212 567 de-

605 583 765 621 putantur
782 583 818 614 ut
837 584 1105 620 conservatores,
1123 584 1165 614 ad
1185 584 1470 624 quinquennium,
1486 594 1547 625 pro
1567 585 1741 617 Friderico
1758 585 1879 617 abbate
1897 587 1930 617 et
1945 595 2041 618 conv.
2063 590 2209 620 monast.

605 634 695 667 beati
710 635 843 667 Nicolai
857 636 1077 673 Bruwilren.,
1091 637 1129 668 O.
1145 636 1178 668 S.
1198 637 1249 673 B.‚
1266 637 1440 670 Colonien.
1456 639 1502 670 di.
1520 638 1572 678 (A.
1588 640 1640 674 29,
1659 639 1683 669 f.
1700 640 1759 671 150
1774 638 1805 677 l’;
1832 638 1864 671 V.
1880 640 1932 678 86,
1953 648 2005 680 ep.
2026 641 2132 680 1515.)

650 685 787 719 40462.
801 705 841 712 -
857 688 988 720 Ger-aldo
1006 693 1079 720 nato
1097 689 1257 730 Aymerici
1271 689 1309 720 de
1324 691 1468 722 Mar-tello
1485 691 1563 729 mil.,
1581 702 1649 723 can.
1666 691 1812 727 Melden„
1832 692 1954 724 indult.
1971 693 2012 724 ad
2027 693 2212 734 quinquen-

606 742 702 773 nium
719 742 927 782 percipiendi
945 742 1076 774 fructus
1091 742 1202 774 benef.
1225 752 1365 775 suorum
1387 744 1515 784 absque
1535 745 1731 783 residentia,
1756 754 1858 777 causa
1879 746 1997 778 studii.
2014 763 2052 768 —
2069 747 2095 778 Ι.
2116 756 2145 778 e.
2164 756 2210 780 m.

606 804 633 826 s.
645 795 790 827 Faronis
804 795 952 827 Melden.
967 797 1000 827 et
1014 805 1041 827 s.
1059 797 1243 836 Augustini
1259 797 1475 828 Lemovicen.
1493 800 1637 830 monast.
1656 798 1848 835 abbatibus,
1867 808 1904 830 ac
1917 799 2023 839 priori
2039 800 2080 831 de
2094 800 2210 838 Briva,

605 849 817 880 Lemovicen.
837 849 883 880 di.
904 850 956 888 (A.
972 850 1022 884 30,
1040 849 1062 880 f.
1082 851 1141 881 252
1159 849 1189 886 ¹³3
1215 849 1248 881 V.
1268 850 1318 887 86,
1339 859 1391 889 ep.
1412 852 1516 889 1588.)

650 898 787 931 40463.
809 920 846 926 -
867 902 1003 933 Henrico
1018 903 1053 933 de
1070 902 1249 939 Beaumont‚
1266 903 1436 934 bacallario
1453 905 1485 934 in
1506 903 1632 945 leqibus,
1649 914 1743 944 prov.
1771 914 1889 937 canon.
1909 906 1972 937 sub
1990 914 2085 946 exsp.
2106 907 2209 947 praeb.

606 955 686 986 eccl.
705 955 989 995 Corisopitensis;
1014 965 1080 987 non
1104 956 1191 987 obst.
1212 956 1323 996 gratia
1337 956 1378 988 de
1395 957 1502 988 simili
1522 958 1716 997 provisione
1737 959 1773 989 in
1791 959 1872 990 eccl.
1896 959 2118 995 Nannetensi‚
2137 969 2212 1000 quae

605 1009 744 1048 propter
762 1009 1019 1040 multitudinem
1036 1010 1307 1049 exspectantium
1324 1010 1534 1042 infructuosa
1547 1011 1677 1042 existit.
1694 1030 1731 1035 -
1745 1012 1769 1043 Ι.
1785 1021 1813 1043 e.
1834 1021 1879 1043 m.
1894 1012 2020 1043 archid.
2033 1013 2212 1051 Veneten.,

605 1063 639 1093 et
661 1062 762 1094 Petro
784 1063 972 1098 Benedicti,
995 1063 1198 1101 Nanneten.,
1224 1072 1261 1094 ac
1289 1064 1436 1095 Ricardo
1461 1064 1502 1095 de
1530 1064 1627 1102 Piru,
1651 1065 1849 1096 Maclovien.
1875 1074 1948 1096 can.
1974 1066 2054 1097 eccl.
2083 1066 2135 1105 (Α.
2161 1068 2212 1105 30,

605 1116 629 1148 f.
646 1117 706 1147 253
722 1121 751 1152 ⁸3
776 1115 810 1146 V.
825 1117 876 1153 86,
893 1125 946 1156 ep.
965 1118 1072 1157 1592.)

650 1166 789 1200 40464.
812 1187 851 1192 -
878 1169 1054 1201 Raimundo
1074 1170 1233 1208 Furnerii,
1251 1180 1321 1202 can.
1340 1171 1544 1207 Lemovicen„
1565 1172 1687 1203 indult.
1713 1172 1924 1212 perpriendi
1948 1172 2077 1204 fructus
2101 1173 2214 1205 benef.

606 1231 746 1254 suorum
766 1223 809 1254 ad
826 1224 1108 1263 quinquennium,
1128 1225 1207 1256 licet
1223 1225 1259 1255 in
1275 1225 1326 1256 eis
1344 1233 1410 1256 non
1435 1225 1595 1263 resideat,
1618 1234 1720 1256 causa
1740 1226 1856 1257 studii.
1876 1244 1915 1248 —
1930 1226 1957 1257 Ι.
1983 1235 2011 1257 e.
2030 1235 2074 1257 m.
2100 1226 2216 1258 abbati

606 1278 751 1308 monast.
770 1285 797 1308 s.
816 1277 1000 1317 Augustini
1016 1278 1244 1314 Lemovicen„
1263 1280 1296 1309 et
1318 1278 1424 1317 priori
1445 1279 1486 1310 de
1503 1279 1616 1316 Briva,
1634 1279 1847 1311 Lemovicen.
1868 1280 1927 1316 di.,
1950 1289 1987 1311 ac
2006 1279 2133 1311 archid.
2155 1280 2214 1311 Pe-

605 1330 803 1370 tragoricen.
821 1331 876 1371 (A.
890 1333 941 1368 30,
959 1331 983 1362 f.
1001 1333 1061 1363 260
1079 1331 1109 1368 ¹³3
1135 1331 1167 1361 V.
1187 1333 1238 1368 86,
1255 1341 1308 1372 ep.
1327 1332 1432 1372 1622.)

650 1380 786 1413 46465.
805 1402 845 1407 —
863 1384 900 1414 S.
919 1384 1065 1416 Gereonis
1085 1385 1261 1421 Colonien.,
1278 1390 1346 1416 ets.
1369 1386 1500 1416 Martini
1521 1385 1742 1423 E’mMicensis,
1768 1386 1796 1416 T
1796 1387 1977 1427 rajectensis
1997 1387 2054 1425 di.,
2079 1387 2215 1426 decanis,

606 1447 640 1467 ac
653 1447 734 1478 may.
757 1437 919 1468 Ambrosio
934 1438 970 1468 de
983 1438 1030 1468 La
1043 1439 1198 1479 Mayrola,
1217 1449 1286 1469 can.
1305 1438 1543 1470 Mediolanensis
1558 1439 1767 1478 ecclesiarum,
1786 1440 1899 1471 mand.
1917 1442 1953 1471 ut
1968 1440 2127 1472 inducere
2143 1442 2215 1472 stu-

605 1491 706 1522 deant
723 1490 863 1523 abbates
881 1493 914 1523 et
930 1494 1116 1523 conventus
1133 1493 1419 1524 monasteriorum
1436 1493 1477 1525 Ο.
1495 1494 1528 1525 S.
1549 1494 1588 1525 B.
1606 1494 1641 1524 in
1658 1494 1814 1533 partibus
1826 1494 2037 1525 Alamanniae
2054 1494 2214 1525 constitu-

604 1545 719 1575 torum
735 1546 771 1576 ut
788 1545 966 1585 recipiant,
986 1545 1140 1586 singulos
1159 1546 1317 1577 videlicet
1332 1546 1368 1577 in
1390 1546 1537 1587 singulis
1555 1547 1784 1584 monasteriis,
1812 1547 1994 1578 monachos
2014 1547 2215 1578 monasterii

605 1606 633 1629 s.
652 1598 786 1630 Nicolai
799 1598 1014 1635 Bruwilren.,
1030 1599 1112 1631 dicti
1135 1599 1220 1635 ord.‚
1245 1599 1421 1631 Colonien.
1446 1600 1506 1638 di.,
1525 1600 1615 1640 quod
1633 1601 1683 1632 tot
1700 1602 1752 1631 est
1769 1600 1961 1632 debitorum
1978 1601 2123 1632 sarcinis
2138 1609 2213 1641 gra-

604 1652 732 1689 vatum,
752 1653 889 1691 propter
906 1652 1131 1692 obligationes
1154 1653 1259 1684 factas
1279 1655 1350 1684 tam
1370 1654 1547 1685 occasione
1570 1654 1715 1685 duorum
1739 1654 1867 1684 dudum
1890 1654 1925 1685 in
1947 1653 2085 1685 abbates
2103 1654 2211 1694 ejusd.

606 1707 751 1736 monast.
767 1705 800 1736 in
815 1706 985 1737 discordia
998 1706 1195 1742 electorum,
1213 1707 1271 1746 qui
1286 1707 1404 1738 tamin
1417 1707 1571 1747 partibus
1584 1716 1686 1747 quam
1701 1707 1736 1738 in
1752 1708 1905 1739 Romana
1917 1707 2010 1738 curia
2022 1716 2082 1746 per
2098 1708 2212 1739 decem

605 1767 712 1789 annos
727 1760 760 1789 et
775 1759 923 1798 amplius
940 1768 1043 1798 super
1058 1760 1122 1790 hoc
1136 1760 1325 1800 litigarunt,
1343 1769 1444 1800 quam
1465 1761 1563 1797 alias,
1580 1762 1616 1791 ut
1637 1761 1788 1792 redditus
1806 1761 1916 1800 ipsius
1933 1761 2131 1792 monasterii
2146 1770 2213 1792 non

607 1811 779 1843 sufficiant
795 1812 836 1842 ad
855 1812 1036 1843 solvendas
1053 1822 1175 1844 usuras
1192 1815 1263 1844 tam
1285 1814 1408 1853 judaeis
1431 1822 1533 1854 quam
1553 1814 1630 1845 aliis
1652 1814 1821 1845 usurariis
1844 1814 2051 1850 christianis,
2074 1816 2213 1854 propter

607 1865 708 1904 quod,
734 1865 909 1896 monachis
934 1865 1186 1905 nequeuntibus
1212 1866 1339 1898 ibidem
1365 1867 1514 1907 recipere
1542 1867 1669 1898 victum
1696 1867 1837 1898 solitum
1865 1869 1897 1898 et
1924 1868 2097 1905 vestitum,
2125 1869 2213 1907 perit

606 1917 732 1950 ibidem
746 1918 962 1950 observantia
974 1920 1158 1959 regularis;
1175 1929 1352 1960 quousque
1368 1922 1481 1952 tamen
1494 1920 1622 1951 dictum
1637 1922 1782 1952 monast.
1797 1921 1839 1952 ad
1854 1921 2026 1952 fortunam
2039 1921 2212 1953 redactum

606 1971 709 2003 fuerit
726 1972 951 2012 pinguiorem.
973 1973 1027 2011 (A.
1055 1975 1105 2011 30,
1132 1973 1154 2005 f.
1179 1975 1239 2005 676
1263 1979 1296 2010 ⁸3
1324 1973 1356 2004 V.
1382 1975 1432 2010 87,
1455 1983 1507 2013 ep.
1535 1975 1632 2011 2560;
1657 1974 1843 2005 Sauerland
1868 1973 2096 2015 (Rheinlande),
2118 1977 2142 2006 t.
2168 1976 2212 2013 II,

606 2034 639 2065 p.
662 2027 730 2063 134,
753 2035 785 2057 n.
804 2027 909 2065 1437.)

653 2076 790 2108 40466.
806 2099 844 2103 -
861 2079 894 2111 S.
918 2079 1026 2111 Crucis
1041 2080 1200 2118 Leodien.,
1215 2074 1243 2111 et
1260 2080 1477 2118 Davantrien.,
1495 2081 1522 2111 T
1519 2082 1669 2122 rajecten.
1685 2081 1743 2118 di.,
1759 2081 1894 2119 decanis,
1912 2092 1946 2112 ac
1962 2082 2122 2113 scolastico
2143 2083 2214 2114 Tre-

606 2142 709 2163 veren.
725 2133 797 2164 eccl.
817 2134 929 2164 mand.
949 2135 986 2164 ut
1006 2134 1179 2165 Friderico
1201 2134 1317 2166 abbati
1341 2137 1372 2166 et
1390 2143 1486 2166 conv.
1506 2135 1692 2174 supradicti
1714 2136 1860 2166 monast.
1878 2144 1906 2166 s.
1923 2135 2057 2167 Nicolai
2070 2136 2214 2168 Bruwil-

607 2187 730 2223 rensis‚
747 2187 785 2219 O.
805 2188 839 2219 S.
860 2187 912 2223 B.‚
934 2187 1108 2219 Colonien.
1127 2188 1188 2225 di.,
1210 2188 1353 2228 Justitiae
1370 2189 1655 2228 complementum
1671 2189 1852 2220 exhibeant
1875 2198 1978 2228 super
1995 2198 2034 2221 eo
2058 2190 2159 2229 quod,
2178 2192 2215 2222 ut

607 2240 674 2280 ipsi
695 2242 936 2280 exposuerunt,
962 2241 1211 2280 possessiones,
1237 2243 1351 2273 curtes
1377 2243 1410 2273 et
1429 2242 1568 2273 decimae
1595 2242 1718 2281 ipsius,
1742 2243 1898 2282 personis
1917 2243 2159 2274 ecclesiasticis
2182 2244 2215 2275 et

607 2294 828 2325 saecularibus
846 2294 1003 2334 obligatae
1022 2296 1054 2326 et
1072 2295 1230 2334 venditae,
1248 2295 1290 2326 ab
1307 2295 1437 2326 eisdem
1461 2295 1723 2335 praesentialiter
1746 2296 1951 2331 detinentur,
1976 2305 2097 2335 graves
2115 2297 2215 2327 etiam

607 2348 789 2387 pensiones
805 2349 838 2379 et
854 2348 1075 2379 haereditariae
1090 2357 1220 2380 necnon
1238 2349 1458 2380 ususfructus
1474 2349 1516 2380 ad
1530 2349 1636 2380 vitam
1651 2349 1844 2389 aliquorum
1862 2351 1951 2387 sunt,
1970 2358 2031 2388 pro
2045 2350 2130 2380 satis
2147 2359 2216 2381 mo-

607 2401 682 2432 dIca
698 2402 851 2441 pecunia,
875 2402 910 2432 in
933 2401 1034 2433 bonis
1052 2402 1134 2433 dicti
1153 2404 1298 2433 monast.
1319 2402 1507 2438 constituti,
1530 2402 1656 2442 quibus
1674 2411 1735 2442 pro
1756 2403 1923 2434 solutIOne
1947 2403 2113 2434 dictarum
2137 2412 2216 2443 pen-

608 2455 745 2486 sionum
763 2455 896 2495 aliquas
919 2455 1031 2495 ipsius
1054 2457 1199 2487 monast.
1220 2457 1459 2496 possessiones
1484 2456 1583 2488 titulo
1602 2456 1756 2496 pignoris
1776 2456 1978 2496 obligarunt,
2007 2459 2039 2486 iu
2064 2457 2215 2487 fraudem

607 2517 791 2540 usurarum
812 2510 846 2540 et
867 2509 1048 2548 pignorum
1069 2509 1266 2549 hujusmodi
1293 2509 1472 2541 celebratis
1496 2509 1726 2541 contractibus
1751 2510 1962 2549 emptionum
1986 2511 2018 2540 et
2042 2519 2143 2549 super
2166 2510 2217 2540 eis

608 2562 771 2593 consectis
788 2561 936 2601 publicis
953 2562 1202 2594 instrumentis.
1221 2563 1332 2599 Quare
1358 2563 1424 2602 ipsi
1441 2563 1676 2603 supplicarunt
1700 2564 1748 2602 ut,
1769 2563 1799 2594 si
1819 2563 2007 2594 constiterit
2030 2563 2215 2594 creditores

609 2617 642 2646 et
659 2615 747 2647 alios
772 2615 943 2655 recepisse
968 2625 1077 2656 usque
1095 2616 1137 2647 ad
1156 2618 1283 2648 sortem
1311 2617 1461 2656 pecuniae
1483 2618 1644 2647 mutuatae
1670 2625 1730 2656 per
1755 2625 1824 2652 eos,
1848 2616 2007 2655 praedicta
2033 2616 2102 2646 sint
2127 2616 2216 2646 sorte

609 2669 771 2706 contenti,
789 2669 820 2700 si
835 2677 915 2700 vero
931 2670 1019 2700 ultra
1036 2672 1163 2701 sortem
1181 2670 1352 2709 recepisse
1368 2670 1572 2706 constiterit,
1590 2670 1632 2700 ad
1654 2669 1901 2701 restituendum
1920 2669 2008 2708 quod
2026 2668 2116 2699 ultra
2129 2676 2215 2699 rece-

610 2724 733 2762 perunt
757 2723 1016 2762 compellantur.
1045 2723 1099 2763 (A.
1127 2724 1178 2759 30,
1206 2724 1228 2753 f.
1252 2725 1312 2755 676
1337 2729 1366 2760 ³3
1395 2723 1427 2753 V.
1454 2725 1504 2758 87,
1533 2731 1584 2762 ep.
1606 2724 1703 2759 2561;
1732 2722 1928 2756 Sauerland,
1957 2725 1992 2751 ut
2013 2731 2050 2758 s„
2079 2730 2111 2760 p.
2146 2722 2214 2756 135,

610 2784 643 2806 n.
664 2777 768 2810 1438.)

656 2825 792 2857 40467.
811 2846 849 2851 —
867 2828 1012 2869 Gotfrido
1030 2829 1113 2860 dicto
1134 2829 1171 2860 de
1194 2829 1322 2860 Golnow
1338 2829 1454 2870 presb„
1471 2838 1561 2869 perp.
1581 2828 1697 2858 vicario
1722 2828 1754 2858 in
1771 2827 1843 2858 eccl.
1863 2837 1887 2858 s.
1912 2826 2084 2858 catherinae
2099 2826 2130 2856 in
2147 2826 2216 2857 Gol-

611 2891 707 2917 nowe,
723 2881 883 2913 Caminen.
894 2882 950 2920 di.,
967 2891 1061 2922 prov,
1074 2891 1191 2914 canon.
1206 2883 1269 2913 sub
1281 2892 1376 2922 exsp.
1391 2882 1493 2922 praeb.
1511 2881 1590 2913 eccl.
1606 2890 1634 2911 s.
1651 2880 1751 2912 Pauli
1765 2880 2019 2911 Halberstaden.
2033 2897 2071 2901 —
2086 2880 2111 2910 I.
2130 2888 2158 2910 e.
2171 2888 2216 2910 m.

612 2935 782 2975 archiep.0
799 2935 1027 2973 Ebredunen.‚
1046 2937 1078 2967 et
1097 2944 1172 2975 ep.o
1194 2935 1368 2971 Lubicen„
1386 2945 1423 2966 ac
1443 2944 1545 2974 praep.
1564 2934 1643 2965 eccl.
1664 2933 1948 2972 Gripeswalden„
1972 2933 2144 2964 Caminen.
2170 2933 2216 2964 di.

612 2988 666 3028 (A.
684 2989 734 3024 31,
750 2988 773 3019 f.
788 2989 849 3020 334
863 2994 891 3026 ’ς
917 2988 950 3019 V.
969 2990 1020 3024 88,
1038 2998 1089 3028 ep.
1108 2990 1215 3028 3290.)

323 3095 471 3122 JOANNIS
490 3094 574 3121 XXII.
595 3109 628 3114 -
646 3094 678 3121 T.
700 3094 761 3121 VII.
2043 3092 2079 3119 23
