2560 3476
347 322 604 358 APPENDICES
626 322 683 353 AD
705 321 977 353 DUODECIMUM
999 323 1195 354 BULLARII
1215 324 1390 355 JOANNIS
1413 325 1532 356 PAPAE
1555 325 1646 356 XXII
1669 325 1828 357 ANNUM.
1851 344 1891 350 —-
1911 327 2150 367 (1816-1334)
2207 330 2265 360 391

320 516 368 544 Die
387 515 525 543 dominico

234 562 276 591 28
295 569 359 596 aua.
379 560 469 591 1328,
484 559 544 587 ind.
560 558 607 587 XI.

381 622 418 650 Ut
435 630 459 649 s.

252 730 302 758 Die
315 729 452 757 dominica
463 727 505 756 28
517 734 596 760 auo„

296 773 358 801 ind.
378 773 414 800 XI
433 771 548 806 [1328].

268 835 308 863 29
326 836 445 863 exeunte
462 835 581 868 anqusto

304 879 394 916 1328,
413 879 473 907 ind.
497 878 544 906 XI.

237 942 277 971 30
289 941 348 975 (die
359 940 534 977 penultima)
545 947 611 974 aua.

311 986 401 1020 1328,
417 985 475 1013 ind.
491 984 538 1012 x1.

240 1050 255 1076 1
276 1051 349 1084 sept.
369 1047 460 1079 1328,
480 1046 542 1075 iud.
561 1046 609 1074 xl.

237 1156 258 1183 2
277 1158 348 1191 sept.
371 1154 460 1188 1328,
480 1153 542 1183 ind.
562 1153 609 1182 XI.

238 1261 259 1290 4
278 1265 349 1297 sept.
372 1261 461 1293 1328,
479 1260 540 1290 ind.
560 1259 609 1290 XI.

324 1367 375 1395 Die
390 1366 529 1395 dominica

238 1410 260 1438 4
278 1414 348 1447 sept.
374 1410 463 1444 1328,
485 1411 545 1439 ind.
565 1409 610 1439 xl.

385 1472 424 1501 Ut
441 1481 466 1501 ε.

292 2378 564 2422 Caesarauqustae

243 2432 278 2458 11
297 2431 344 2467 (111
364 2430 416 2467 id.)
436 2434 506 2466 sept.
525 2429 613 2458 1327.

311 2536 351 2565 30
366 2539 436 2572 sept.
457 2536 545 2565 1327.

284 2700 390 2728 Datum
407 2697 581 2730 Avenione

313 2749 353 2778 23
371 2752 426 2778 oct.
451 2749 541 2779 1327.

261 2797 291 2830 (x
307 2794 366 2822 kal.
385 2802 451 2822 nov.
469 2799 498 2822 a⁰
512 2794 595 2828 xlv).

390 2857 426 2885 Ut
442 2865 468 2885 s.

711 509 850 543 42467.
869 531 906 536 -
923 514 1009 544 Item
1025 513 1060 544 in
1073 514 1215 545 ecclesia
1228 516 1268 547 O.
1288 516 1326 547 F.
1343 517 1388 547 M.
1406 516 1509 556 Burgi
1524 517 1664 548 Cerreti.
1683 517 1842 555 (Armario
1861 517 1898 556 C,
1917 527 1949 550 n.
1965 519 2025 550 983
2039 519 2211 559 (Armario
2227 519 2265 556 C,

665 565 747 598 fasc.
765 567 818 603 63,
836 574 869 598 n.
887 567 922 596 21
941 566 981 605 ⁶),
997 576 1165 608 perqamen
1177 571 1336 608 parvum.)

709 616 847 649 42468.
876 637 915 642 -
941 619 1026 651 Item
1044 620 1079 651 in
1095 621 1239 658 ecclesia
1259 623 1297 653 F.
1321 622 1359 653 O.
1379 622 1427 654 M.
1454 623 1495 654 de
1513 622 1622 655 Valle.
1645 623 1804 663 (Ar-mario
1830 623 1866 663 C,
1890 632 1924 655 n.
1949 625 2010 656 978
2036 625 2206 664 (Armario
2231 625 2268 660 C,

665 672 746 704 fasc.
763 674 815 710 63,
834 681 866 704 n.
887 674 924 703 21
942 672 968 712 ¹³)
977 683 987 710 3
1003 682 1171 714 pergamen
1185 674 1321 715 lorcyum,
1340 674 1393 705 sed
1408 675 1574 715 strictum.)

710 722 848 756 42469.
865 743 905 749 -
922 727 1006 757 Item
1021 727 1055 758 in
1071 727 1215 759 ecclesia
1226 729 1260 760 S.
1275 728 1320 759 M.
1333 728 1374 759 de
1388 728 1503 760 Visso.
1523 729 1682 767 (Armario
1699 729 1734 765 C,
1749 739 1781 761 n.
1799 732 1859 762 969
1876 731 2047 769 (Armario
2063 730 2100 768 C,
2118 731 2199 762 fasc.
2217 731 2270 768 63,

666 787 700 810 n.
718 780 757 810 14
774 779 815 818 ¹);
831 780 1028 820 perqamen.)

711 829 849 861 42470.
876 850 912 855 -
940 833 1027 864 Item
1050 833 1086 863 In
1111 833 1184 865 loco
1208 834 1247 865 O.
1272 834 1310 866 F.
1336 835 1380 865 M.
1406 835 1633 866 Interamnen.
1662 835 1820 874 (Armario
1842 835 1878 873 C,
1900 845 1932 867 n.
1956 837 2016 867 984
2039 837 2210 875 (Armario
2233 837 2270 873 C,

665 885 746 917 fasc.
763 887 815 922 63,
835 894 867 917 n.
886 887 939 924 25)
946 895 956 922 ;
972 895 1139 926 perqamen
1152 887 1312 928 parvum.)

712 935 852 969 42471.
866 957 904 962 -
918 939 1005 971 Item
1021 940 1056 970 in
1070 940 1214 971 ecclesia
1229 941 1268 972 O.
1288 941 1327 972 F.
1345 941 1389 972 M.
1408 941 1449 972 de
1464 941 1664 973 Struncone.
1682 941 1842 980 (Ar-mario
1862 941 1898 979 C,
1917 950 1950 972 n.
1964 942 2024 973 985
2048 942 2218 980 (Armario
2233 943 2271 979 C,

666 991 750 1023 fasc.
767 994 818 1029 63,
835 1001 868 1023 n.
885 993 938 1031 27)
945 1003 954 1028 ;
972 1001 1140 1033 perqamen
1150 994 1310 1033 parvum.)

711 1042 853 1085 42472.
878 1062 918 1068 -
939 1045 1026 1077 Item
1044 1045 1080 1076 in
1098 1046 1246 1085 capitulo
1262 1046 1327 1078 loci
1352 1047 1390 1078 F.
1411 1047 1450 1079 O.
1476 1047 1519 1078 M.
1539 1048 1580 1078 de
1599 1047 1737 1079 NarnIa.
1759 1047 1918 1086 (Armario
1943 1047 1980 1085 C,
2004 1057 2038 1079 n.
2056 1049 2116 1080 952
2140 1049 2273 1086 (Arma—

667 1098 718 1130 rio
734 1099 772 1136 C,
791 1099 873 1130 fasc.
886 1100 937 1135 63,
956 1108 987 1130 n.
1005 1100 1051 1137 1);
1067 1108 1234 1139 perqamen
1249 1099 1386 1140 lonqum,
1404 1099 1457 1130 sed
1471 1100 1637 1139 strictum.)

712 1149 853 1182 42473.
877 1170 919 1175 -
937 1153 1022 1183 Item
1038 1153 1074 1183 In
1089 1152 1237 1191 capitulo
1252 1152 1320 1184 loci
1338 1153 1377 1184 F.
1395 1154 1432 1185 O.
1459 1153 1502 1184 M.
1528 1154 1568 1184 de
1585 1154 1729 1185 AmelIa.
1755 1153 1915 1192 (Armario
1942 1153 1977 1189 C,
1999 1162 2031 1184 n.
2056 1155 2114 1185 991
2142 1153 2275 1194 (Arma-

667 1205 718 1237 rio
737 1205 773 1242 C,
792 1205 875 1236 fasc.
890 1207 942 1240 63,
960 1215 993 1236 n.
1008 1207 1080 1244 22);
1100 1215 1268 1246 perqamen
1287 1206 1421 1247 huyum,
1440 1206 1492 1236 sed
1506 1206 1673 1246 strictum.)

714 1255 854 1288 42474.
870 1276 908 1281 —-
923 1259 1009 1290 Item
1027 1259 1063 1298 in
1078 1259 1222 1290 ecclesia
1236 1268 1264 1291 s.
1286 1260 1459 1291 Francisci
1476 1260 1516 1290 de
1535 1260 1768 1300 Monteregali.
1785 1259 1945 1298 (Armario
1963 1259 2000 1297 C,
2019 1269 2051 1290 n.
2068 1261 2128 1292 992
2143 1261 2274 1298 (Arma-

668 1312 720 1344 rio
740 1313 777 1348 C,
794 1312 875 1343 fasc.
894 1314 946 1350 63,
965 1321 997 1343 n.
1014 1311 1047 1352 3)
1053 1322 1062 1349 ;
1077 1322 1246 1354 perqamen
1262 1312 1400 1353 tanqum,
1419 1312 1472 1343 sed
1487 1313 1654 1352 strictum.)

714 1362 852 1395 42745.
878 1383 917 1388 -
940 1365 1027 1397 Item
1043 1365 1078 1396 in
1095 1365 1238 1397 ecclesia
1254 1375 1281 1397 S.
1303 1366 1481 1405 Crispoliti
1502 1366 1542 1398 O.
1564 1366 1602 1397 F.
1620 1366 1664 1397 M.
1690 1366 1730 1397 de
1745 1366 1912 1398 Bictonio.
1929 1366 2091 1406 (Armario
2111 1365 2146 1403 C,
2165 1374 2198 1397 n.
2217 1367 2278 1397 974

671 1419 843 1458 (ArmarIO
858 1419 895 1458 C,
910 1419 992 1451 fasc.
1011 1421 1062 1456 63,
1077 1428 1109 1450 n.
1124 1421 1174 1459 18)
1186 1430 1194 1457 ;
1207 1429 1377 1460 perqamen
1393 1419 1531 1460 lorcyum,
1550 1420 1603 1450 sed
1618 1420 1786 1459 strictum.)

715 1469 853 1502 42476.
877 1491 914 1496 -
939 1472 1026 1504 Item
1043 1473 1078 1504 in
1101 1473 1244 1504 ecclesia
1264 1473 1302 1505 O.
1326 1474 1364 1504 F.
1386 1473 1430 1504 M.
1447 1474 1487 1504 de
1505 1473 1635 1504 Cassia.
1662 1473 1820 1512 (Ar-mario
1840 1472 1876 1511 C,
1903 1481 1934 1504 n.
1962 1474 2021 1505 993
2046 1473 2216 1511 (Armario
2240 1473 2293 1508 C„

672 1525 754 1558 fasc.
775 1527 825 1564 63,
845 1535 879 1557 n.
897 1527 934 1557 21
955 1528 998 1566 ⁸);
1013 1536 1182 1568 perqamen
1199 1526 1336 1567 lonqum,
1351 1526 1405 1557 sed
1422 1527 1589 1566 strictum.)

1418 1943 1534 1994 IV

822 2082 1055 2114 Instrumenta
1077 2079 1221 2114 archivii
1245 2079 1360 2114 Castri
1383 2078 1503 2113 Sancti
1525 2078 1649 2123 Anqeli
1672 2089 1843 2111 annorum
1869 2076 1960 2113 1397
1982 2083 2015 2111 et
2042 2076 2133 2114 {328

1065 2157 1168 2191 prout
1189 2151 1226 2184 in
1250 2150 1441 2184 inventario
1468 2149 1700 2195 Garampiano
1718 2149 1842 2194 jacent
1859 2150 1881 2181 ¹.

716 2372 731 2390 ‘³
743 2374 881 2407 42477.
900 2395 938 2400 -
953 2377 1159 2416 Exemplum
1177 2370 1394 2408 instrumenti
1411 2385 1477 2416 quo
1492 2376 1683 2417 Alphomus,
1698 2375 1924 2416 primoyenitus
1937 2374 2048 2406 Jacobi
2063 2375 2144 2416 reqis
2161 2375 2280 2415 Arayo·

673 2441 757 2468 num,
774 2431 912 2462 mandat
932 2430 1145 2470 procuratori
1162 2430 1327 2462 Valentiae
1341 2430 1506 2461 statutum
1523 2430 1562 2460 de
1586 2429 1787 2469 pignoribus
1803 2428 1900 2460 factis
1915 2429 2090 2460 occasione
2110 2427 2279 2468 adempri-

673 2493 792 2516 vorum
808 2492 1048 2516 concessorum
1066 2484 1194 2515 civitati
1210 2483 1388 2515 ValentIae.
1406 2482 1565 2523 (Ar-mario
1583 2481 1714 2518 XXXV,
1730 2483 1756 2513 t.
1771 2483 1822 2519 10,
1839 2482 1861 2513 f.
1881 2482 1938 2513 168
1956 2481 1995 2521 ¹.)

717 2534 855 2566 42478.
882 2554 920 2559 -
941 2537 1067 2568 Roberti
1089 2536 1207 2568 Siciliae
1222 2537 1303 2577 reqis
1321 2537 1468 2576 epistula
1494 2537 1535 2567 ad
1553 2536 1738 2568 Geraldum
1753 2536 1794 2566 de
1814 2535 1923 2573 Valle,
1945 2534 2104 2566 nuntium
2121 2534 2228 2574 apost.
2245 2534 2281 2565 in

672 2600 775 2632 regno
798 2590 922 2623 SIciliae
947 2591 1032 2622 citra
1053 2591 1179 2622 Farum
1203 2592 1235 2622 et
1261 2591 1427 2621 rectorem
1449 2590 1641 2629 CampanIae
1660 2590 1693 2620 et
1708 2588 1900 2625 Maritimae,
1920 2588 1961 2619 de
1983 2587 2158 2619 invasione
2181 2588 2280 2618 terrae

674 2654 704 2676 n.
721 2654 753 2676 v,
769 2644 912 2676 Joannis
926 2645 966 2675 de
983 2644 1150 2676 Columna
1167 2644 1207 2675 de
1220 2644 1399 2675 Genasano
1413 2644 1501 2675 facta
1516 2652 1535 2674 a
1549 2642 1675 2674 vicario
1693 2641 1843 2681 praedioti
1858 2641 2010 2673 rectoris.
2031 2640 2203 2680 (lustrum.)

717 2693 732 2710 v
747 2694 883 2727 42479.
907 2714 946 2719 -
972 2697 1073 2728 Bulla
1091 2697 1236 2728 Joannis
1255 2697 1355 2728 XXII
1376 2697 1415 2728 de
1431 2697 1636 2736 proprietate
1655 2695 1799 2726 fratrum
1815 2694 1986 2725 Minorum
2004 2702 2019 2723 «
2041 2693 2162 2723 Dudum
2178 2691 2279 2723 volen-

675 2755 728 2782 tes.
743 2760 761 2782 »
774 2751 935 2791 (Armario
946 2749 1063 2788 XXXI,
1079 2752 1102 2782 t.
1119 2752 1171 2787 42,
1184 2751 1207 2782 f.
1221 2752 1258 2782 75
1270 2756 1300 2786 εῑ;
1317 2749 1437 2787 Eube1,
1455 2749 1634 2781 Bullarium
1650 2748 1905 2782 Franciscanum,
1919 2748 1943 2778 t.
1961 2746 2004 2784 V,
2020 2754 2052 2785 p.
2069 2746 2140 2782 331,
2154 2754 2186 2775 n.
2200 2745 2280 2782 6823

674 2805 857 2845 Raynaldi‚
879 2804 1016 2835 Annales
1033 2804 1240 2839 ecclesiastici,
1263 2803 1304 2834 ad
1320 2813 1437 2834 annum
1459 2805 1549 2840 1327,
1567 2801 1821 2842 §XX-XXVII.

718 2853 733 2870 v
745 2855 880 2887 42480.
899 2876 938 2881 -
954 2858 1054 2889 Bulla
1070 2858 1212 2889 Joannis
1229 2857 1330 2889 XXII
1346 2857 1462 2888 contra
1476 2863 1607 2887 errores
1621 2855 1641 2885 J
1645 2853 1764 2885 oannis
1779 2854 1819 2884 de
1833 2853 1854 2884 J
1856 2852 1989 2883 anduno
2006 2851 2039 2882 et
2053 2850 2199 2882 Marsilii
2214 2849 2279 2881 Pa-

674 2911 793 2942 tavini.
814 2910 922 2951 (thiat,
942 2920 974 2951 p.
995 2912 1036 2943 67
1055 2916 1088 2949 ι;
1112 2910 1317 2952 apographon
1341 2909 1523 2940 mandatum
1546 2907 1726 2942 Francisco,
1748 2906 1890 2947 episcopo
1915 2903 2120 2943 Florentino;
2142 2903 2282 2944 sequitur

711 3026 735 3051 1.
751 3025 964 3051 Tantummodo
981 3025 1126 3058 reperitur
1139 3025 1364 3050 instrumentum
1380 3022 1426 3049 eui
1439 3020 1730 3055 praeponitur-littera
1742 3019 1782 3046 V.
