2560 3476
323 326 383 358 384
440 322 694 356 APPENDICES
718 322 773 355 AD
795 322 1068 355 DUODECIMUM
1091 324 1288 356 BULLARII
1309 325 1484 357 JOANNIS
1506 326 1627 358 PAPAE
1648 326 1740 358 XXII
1761 325 1924 360 ANNUM.
1945 344 1986 351 —
2009 329 2247 371 (mm-18³4)

759 751 1221 807 APPENDICES
1281 752 1378 806 AD
1447 752 1953 809 DUODECIMUM
2013 755 2366 813 BULLARII

1011 898 1324 954 JOANNIS
1384 900 1579 955 PAPAE
1641 901 1795 956 XXII
1850 901 2110 957 ANNUM

1546 1260 1579 1311 I

792 1384 1024 1417 Instrumenta
1055 1383 1275 1418 miscellanea
1309 1384 1478 1419 Vaticana
1510 1395 1585 1430 quae
1613 1384 1650 1418 in
1677 1379 1832 1430 capsula,
1865 1385 1959 1419 dicta
1986 1385 2150 1420 vicesima
2179 1385 2342 1429 secunda,

1337 1455 1425 1490 anni
1448 1454 1541 1492 1327
1563 1456 1795 1502 reperiuntur.

413 1689 430 1718 5
449 1692 516 1725 sept,
535 1688 623 1718 4327,
806 1680 946 1713 42381.
963 1701 1003 1705 -
1017 1683 1124 1722 Copia
1147 1683 1324 1722 cujusdam
1345 1682 1524 1714 sententiae
1545 1682 1623 1714 latae
1646 1683 1700 1714 die
1722 1692 1793 1713 xxn
1809 1692 1884 1723 aug.
1907 1685 1984 1715 1327
2000 1684 2036 1714 in
2059 1684 2211 1716 favorem
2226 1686 2374 1718 monast.

763 1746 791 1769 s.
810 1737 929 1768 Crucis
951 1736 1069 1767 Fontis
1086 1736 1272 1772 Avellanae,
1292 1736 1463 1775 Eugubin.
1483 1736 1543 1774 di.,
1563 1738 1680 1767 contra
1694 1737 1867 1767 Martinam
1886 1736 2026 1767 Danielis
2045 1737 2142 1769 Fabri
2158 1737 2196 1769 de
2212 1734 2290 1770 villa‘
2305 1738 2377 1771 Dea-

764 1795 859 1826 cente,
878 1790 1045 1820 comitatus
1060 1789 1206 1827 Arimini,
1227 1798 1331 1829 super
1354 1789 1517 1829 hospitali
1534 1789 1664 1821 domini
1680 1790 1876 1822 Candulfini
1892 1791 1932 1822 de
1955 1791 2088 1823 Cesena
2111 1792 2144 1823 et
2160 1792 2378 1832 pertinentiis

764 1844 848 1876 suis.
863 1844 968 1884 (Perq.
986 1853 1134 1884 maqnum
1143 1852 1152 1879 ;
1167 1851 1200 1874 n.
1217 1844 1283 1881 20.)

403 1903 521 1938 Ιθεερι.
538 1901 635 1930 4327-
809 1894 946 1927 42382.
967 1915 1005 1920 -
1023 1896 1207 1936 Inquisitio
1228 1896 1344 1927 habita
1365 1905 1468 1936 super
1486 1896 1696 1936 ponderibus
1718 1898 1752 1928 et
1777 1897 1914 1929 stateris
1937 1897 2009 1929 sive
2029 1897 2246 1930 hallensietis
2266 1907 2378 1941 eamp-

402 1947 443 1975 22
460 1947 518 1976 dec.
542 1946 631 1975 1328.
765 1960 881 1983 sorum
906 1951 1097 1983 Romanam
1121 1950 1252 1981 curiam
1274 1949 1505 1990 sequentium,
1524 1950 1565 1981 de
1578 1950 1693 1981 mand.
1712 1950 1907 1982 marescalli
1927 1950 2042 1991 Papae.
2062 1951 2279 1984 Adnotantur
2299 1961 2379 1985 oon-

765 2004 1001 2036 demnationes
1028 2003 1167 2034 illorum
1194 2012 1340 2043 quorum
1366 2004 1515 2043 pondera
1533 2012 1601 2035 non
1627 2004 1760 2043 signata
1781 2012 1841 2035 nee
1863 2004 1989 2044 legalia
2015 2006 2148 2045 reperta
2176 2005 2326 2044 fuerunt,
2345 2007 2380 2038 et

765 2058 1000 2089 absolutiones
1016 2057 1163 2089 aliorum
1177 2057 1267 2088 bona
1288 2057 1440 2097 pondera
1461 2056 1670 2089 habentium.
1687 2056 1871 2096 (Quaternio
1888 2061 2048 2089 cartaceus
2066 2058 2099 2088 X
2115 2058 2204 2099 foliis
2225 2064 2380 2097 constans,

767 2111 857 2152 cujus
874 2110 1007 2142 dimidia
1020 2120 1096 2152 pars
1119 2115 1241 2141 tantum
1256 2111 1374 2151 scripta
1393 2114 1437 2141 est
1447 2119 1457 2148 ;
1474 2119 1507 2141 n.
1529 2112 1584 2147 37;
1603 2110 1766 2142 Me‘moires
1779 2111 1816 2142 de
1837 2110 2027 2142 l'Acade‘mie
2042 2111 2079 2143 de
2101 2111 2263 2150 Vaucluse,
2281 2114 2316 2144 2·
2330 2113 2383 2145 se-

766 2166 828 2201 rie,
844 2167 869 2196 t.
885 2165 915 2197 V
932 2166 1051 2203 (1905).
1072 2173 1103 2204 p.
1119 2165 1280 2201 271-279.)

402 2222 441 2250 25
455 2225 527 2257 sept.
550 2221 640 2255 1327,
814 2215 951 2248 42383.
969 2236 1010 2241 -
1023 2217 1174 2255 Amelius,
1194 2217 1337 2248 Castren.
1356 2227 1455 2258 epass,
1472 2217 1618 2249 Marchiae
1634 2218 1838 2249 Anconitanae
1853 2222 1965 2256 rector,
1979 2218 2098 2250 scribit
2110 2219 2211 2260 Papae
2225 2220 2265 2251 de
2279 2219 2381 2252 bene-

398 2267 447 2301 (Xa
463 2265 646 2300 indictione).
768 2272 929 2303 dictionis
946 2280 1087 2303 munere
1104 2271 1299 2309 Francisco,
1320 2271 1436 2302 abbati
1450 2273 1595 2303 monast.
1613 2272 1647 2304 S.
1666 2272 1712 2303 M.
1735 2272 1775 2303 de
1793 2272 1984 2303 Claravalle
2000 2272 2042 2304 de
2056 2272 2203 2310 Flastra,
2219 2273 2291 2304 ord.
2308 2273 2382 2306 Cis·

767 2329 863 2362 tere„
876 2325 1089 2357 Camerinen.
1108 2325 1169 2362 di„
1188 2325 1356 2364 impenso,
1373 2326 1405 2356 et
1419 2325 1459 2356 de
1471 2325 1666 2365 juramento
1683 2325 1861 2357 fidelitatis
1875 2335 1936 2366 per
1950 2326 2066 2365 ipsum
2085 2327 2251 2366 praestito.
2269 2325 2383 2368 (Or-iqi-

769 2379 841 2410 nale
853 2388 1075 2420 peryamenum
1090 2382 1119 2409 et
1130 2387 1280 2418 parvum;
1302 2387 1336 2409 n.
1350 2378 1418 2418 22.)

378 2437 428 2464 Die
443 2436 527 2466 lunae,
542 2434 583 2462 28
597 2437 667 2470 sept.
817 2429 953 2461 42384.
972 2449 1008 2454 -
1033 2432 1156 2466 Petrus,
1179 2431 1452 2471 Caesarauqustan.
1473 2432 1665 2474 archiepms,
1691 2433 1819 2472 recepit
1839 2442 1858 2465 a
1881 2433 2023 2470 Joanne,
2053 2441 2131 2473 eps>
2157 2433 2383 2471 Mindonien„

421 2479 631 2553 (223230205)
768 2486 998 2526 juramentum
1012 2485 1200 2516 fidelitatis.
1219 2484 1397 2525 (Oriqinale‘
1405 2495 1628 2526 perqamenum
1638 2495 1647 2524 3
1664 2495 1698 2517 n.
1714 2487 1780 2525 23.)

338 2597 378 2625 30
392 2599 463 2632 sept.
474 2595 538 2623 -12
552 2598 607 2623 oct.
622 2593 712 2622 1327.
817 2588 954 2621 42385.
968 2609 1007 2614 -
1027 2591 1234 2631 Computum
1252 2591 1436 2622 solutionis
1452 2591 1599 2622 subsidii
1616 2591 1651 2622 in
1669 2592 1715 2623 di.
1732 2591 1968 2630 condomien„
1986 2601 2006 2623 a
2022 2592 2181 2632 pontifice
2195 2592 2350 2632 impositi
2366 2601 2387 2624 x

772 2645 842 2677 kal.
858 2654 934 2686 aug.
952 2653 982 2676 a.
1000 2645 1060 2680 X0,
1080 2644 1210 2675 ratione
1226 2652 1358 2684 guerrae
1379 2653 1453 2684 quae
1469 2645 1505 2675 in
1530 2645 1678 2676 diversis
1698 2645 1807 2676 Italiae
1829 2645 1985 2685 partibus
2002 2648 2188 2686 grassatur.
2209 2646 2387 2687 (Pergame-

773 2709 847 2730 num
864 2697 1030 2739 oriqinale,
1046 2701 1191 2728 constans
1208 2702 1343 2738 quatuor
1356 2698 1449 2739 petiis
1466 2697 1595 2729 insimul
1608 2698 1706 2736 sutis;
1727 2707 1760 2730 n.
1776 2699 1841 2737 26.)

339 2754 522 2790 Marmandae,
536 2754 582 2782 die
595 2753 629 2781 2³
641 2761 715 2781 men·
818 2749 955 2781 42386.
974 2769 1013 2774 -
1040 2752 1202 2782 Instrum.
1226 2760 1291 2791 quo
1319 2751 1488 2783 Robertus
1507 2752 1699 2787 Bertrandi,
1717 2752 1819 2783 d.nus
1847 2752 1887 2784 de
1914 2752 2137 2793 Briquebeoo,
2161 2752 2387 2785 marescallus

388 2801 425 2828 sis
438 2799 558 2827 octobris
575 2798 666 2828 1327.

775 2860 830 2891 die
845 2859 968 2891 ultima
984 2860 1071 2899 sept.
1092 2867 1181 2890 anno
1203 2859 1295 2895 1327,
1313 2858 1509 2898 inspexisse
1526 2859 1660 2890 litteras
1678 2860 1806 2897 Caroli,
1827 2860 1866 2891 F.
1884 2861 1918 2891 et
1938 2860 1995 2897 N.,
2015 2860 2049 2901 (9
2062 2860 2143 2891 maii
2162 2860 2258 2900 1327)
2274 2861 2307 2892 et
2321 2859 2388 2892 Ed-

775 2913 896 2950 wardi,
914 2911 1047 2953 Angliae
1062 2920 1192 2952 regum,
1210 2920 1313 2952 super
1328 2921 1410 2952 pace
1424 2913 1610 2944 tractanda.
1628 2913 1813 2954 (Perqamen
1830 2923 1898 2944 cum
1913 2913 1992 2944 vitta
2007 2913 2257 2951 membranacea3
2274 2922 2308 2945 n.
2324 2914 2388 2952 12.)

416 2968 454 2996 13
473 2971 526 2998 oct.
551 2968 640 3000 1327,
822 2963 960 2995 42387.
978 2984 1015 2989 —
1035 2964 1233 2996 Bertrandus
1252 2965 1364 3003 Carni,
1381 2965 1501 2996 archid.
1535 2966 1682 3002 Vauren.‚
1702 2971 1731 2997 et
1748 2966 1931 2998 Guillelmus
1948 2966 2084 3003 Dulcini,
2103 2966 2137 2998 O.
2159 2968 2196 2999 F.
2219 2967 2272 3003 P..
2295 2975 2387 2998 man·

457 3013 518 3042 ind.
541 3013 602 3042 xla.
778 3021 860 3052 dant
875 3020 995 3060 priori,
1017 3020 1187 3060 potestati,
1205 3020 1393 3059 capitaneo,
1413 3021 1586 3052 communi
1611 3022 1644 3052 et
1662 3021 1879 3052 universitati
1905 3020 2132 3052 Assisinaten.
2155 3023 2191 3053 ut
2209 3020 2391 3052 restituant

775 2806 928 2837 Franoiae
944 2807 977 2836 et
990 2805 1226 2836 locumtenens
1240 2805 1312 2836 d.ni
1330 2806 1368 2836 F.
1387 2807 1419 2836 et
1434 2805 1478 2836 N.
1494 2806 1584 2845 regis
1600 2805 1635 2836 in
1650 2805 1806 2846 partibus
1816 2806 2006 2844 Vaseoniae,
2033 2806 2197 2838 certificat
2221 2807 2386 2847 seipsum,
2454 2804 2460 2811 ‘
