2560 3476
322 311 382 343 268

358 400 462 427 Datum
479 394 663 427 Avenione.

393 501 434 528 25
451 501 518 527 maii
536 500 624 528 4328.

392 545 459 581 (v111
474 545 533 573 kal.
554 544 630 580 jun.)

435 590 466 617 T.
488 590 584 617 XXIV.

468 766 504 794 Ut
521 775 543 794 s.

445 811 476 838 T.
497 811 567 838 XVI.

466 1248 504 1277 Ut
517 1257 542 1276 s.

444 1294 476 1321 T.
494 1294 565 1322 XVI.

467 1462 503 1490 Ut
519 1471 544 1490 s.

433 1506 464 1535 T.
483 1506 580 1534 XXIV.

462 1783 498 1811 Ut
514 1792 537 1811 s.

425 1827 456 1854 T.
475 1827 569 1856 XXIV.

460 2103 495 2131 Ut
511 2112 534 2131 S.

434 2147 464 2174 T.
487 2148 558 2175 xvi.

457 2370 493 2398 Ut
509 2379 532 2398 s.

438 2415 470 2442 T.
489 2415 548 2442 XII.

455 2583 491 2611 Ut
509 2592 534 2613 3.

421 2628 452 2655 Τ.
473 2629 568 2657 XXVI.

455 2853 491 2881 L't
509 2862 532 2881 s.

384 2901 414 2929 T.
436 2902 520 2937 XVII,
540 2903 611 2932 XIX.

722 306 896 338 JOANNIS
918 305 1038 336 PAPAE
1059 304 1161 336 XXII.
1185 305 1435 345 (1316-1834).
1458 321 1498 327 —
1519 304 1708 336 LITTERAE
1729 304 1956 337 COMMUNES

798 496 933 529 11306.
956 516 994 521 -
1009 498 1122 529 Eidem
1146 498 1211 539 reqi
1228 498 1424 539 indulgetur
1440 500 1478 530 ut
1496 499 1672 531 confessor
1689 508 1774 531 suus
1788 508 1866 532 cum
1889 499 1974 532 filiis
1989 500 2075 539 suis,
2091 502 2129 534 ut
2144 501 2190 533 ad
2202 501 2358 534 observa-

749 553 876 584 tionem
892 552 1102 592 jejuniorum
1120 552 1282 583 Ecclesiae
1299 553 1358 583 aut
1377 551 1549 588 localium,
1568 561 1746 593 usquequo
1762 553 1829 593 ipsi
1846 560 1930 585 xxnm
1946 552 2073 586 annum
2089 554 2275 595 attigerint,
2293 555 2358 588 mi-

750 607 840 638 nime
858 607 1038 637 teneantur
1063 605 1220 645 quodque
1239 605 1307 645 ipsi
1330 606 1368 636 ut
1392 605 1514 637 diebus
1526 605 1733 646 jejuniorum
1753 606 1950 647 hujusmodi
1965 607 2059 639 lleite
2081 608 2242 640 carnibus
2266 609 2359 641 vesci

751 660 893 701 possint,
913 667 989 690 cum
1008 659 1169 698 expedire
1180 659 1291 690 eidem
1308 658 1485 690 confessor
1502 659 1726 699 probabiliter
1743 660 1880 698 viderit,
1897 660 2003 693 libere
2020 661 2132 694 valeat
2146 661 2357 702 dispensare.

753 714 804 753 (A.
824 715 876 750 3ο,
896 713 918 744 f.
938 713 999 743 428
1017 718 1050 750 ²3
1072 712 1108 743 V.
1125 713 1176 750 86,
1196 721 1248 753 ep.
1265 712 1369 751 1967.)

796 764 932 796 41307.
948 785 986 790 —
1007 766 1121 798 Eidem
1140 766 1208 806 reqi
1226 766 1420 806 indulgetur
1437 767 1474 797 ut
1493 767 1748 799 communicans
1767 767 1839 799 illis
1856 768 1915 808 qui
1937 777 1957 800 a
1979 769 2129 808 praelatis
2144 770 2239 810 regni
2253 770 2359 802 Fran-

750 821 809 852 ciae
825 821 857 852 et
874 829 991 851 eorum
1008 820 1221 857 officialibus,
1240 829 1279 851 ac
1290 819 1463 860 judicibus
1479 829 1499 851 a
1524 820 1558 852 S.
1579 821 1618 852 A.
1638 822 1671 853 et
1689 830 1708 852 a
1730 821 1852 862 legatis
1872 822 1904 854 S.
1923 822 1964 854 A.
1985 822 2150 863 delegatis
2170 831 2359 864 eorumque

750 874 1000 911 executoribus,
1017 874 1098 914 quia
1115 874 1203 914 ipsis
1225 873 1362 905 obedire
1381 874 1552 911 recusant,
1573 874 1710 906 vinculo
1728 875 2093 907 excommunicationis
2109 876 2357 917 astringuntur,

750 928 933 959 dummodo
948 927 1039 959 idem
1053 936 1114 958 rex
1129 928 1164 958 in
1181 927 1322 958 crimine
1338 936 1405 958 non
1418 928 1656 966 communicet,
1669 929 2035 961 excommunicationis
2049 929 2171 970 laqueo
2186 930 2240 962 vel
2254 930 2359 962 etiam

750 981 929 1013 interdicto
945 981 1044 1021 ligari
1062 990 1127 1012 non
1150 981 1272 1021 possit,
1289 981 1332 1012 ad
1352 981 1462 1012 instar
1480 981 1669 1012 Innocentii
1692 982 1792 1022 Papae
1808 983 1856 1014 IV
1874 983 1932 1023 qui
1952 982 2024 1024 regi
2041 983 2205 1021 Franciae,
2221 983 2359 1024 proprio

750 1035 886 1066 nomine
901 1043 968 1065 non
985 1043 1160 1074 expresso,
1178 1034 1268 1065 idem
1285 1035 1452 1066 concessit
1468 1043 1529 1075 pro
1546 1035 1734 1075 capellanis
1748 1044 1786 1067 ac
1802 1035 1936 1067 clericis
1952 1036 2062 1076 ipsius
2073 1036 2198 1077 juratis
2217 1038 2250 1068 et
2264 1036 2360 1068 fami·

749 1089 797 1119 lia
812 1089 895 1129 ejus.
913 1088 1004 1120 Dicti
1024 1088 1114 1119 enim
1134 1088 1276 1128 praelati,
1300 1088 1476 1124 officiales,
1491 1088 1623 1128 judices
1639 1090 1672 1120 et
1693 1091 1892 1121 executores
1908 1089 1943 1120 in
1967 1090 2213 1130 participantes
2228 1098 2361 1123 excom·
2422 1105 2427 1108 ·

749 1142 932 1174 municatis
949 1141 1157 1182 huJusmodi‚
1176 1150 1244 1173 non
1260 1142 1370 1173 solum
1389 1142 1423 1172 in
1447 1142 1601 1180 crimine,
1617 1143 1678 1174 sed
1693 1143 1797 1174 etiam
1819 1143 1886 1174 alio
1903 1143 2016 1179 modo,
2038 1144 2360 1176 excommunicatio-

750 1195 804 1226 nis
819 1196 851 1226 et
866 1195 1037 1227 interdicti
1054 1194 1243 1226 sententias
1260 1203 1393 1235 quoque
1409 1196 1636 1236 promulgant.
1656 1196 1710 1236 (A.
1728 1197 1780 1232 30,
1797 1197 1819 1226 s.
1838 1197 1937 1234 428³;
1960 1196 1994 1227 V.
2011 1198 2062 1233 86,
2081 1206 2133 1237 ep.
2152 1197 2260 1238 1968.)

794 1246 934 1279 41308.
951 1267 984 1272 -
1004 1248 1117 1279 Eidem
1136 1249 1342 1288 indulgetur,
1361 1249 1403 1280 ad
1420 1249 1528 1280 instar
1544 1249 1708 1281 Bonifacii
1726 1250 1818 1287 VIII,
1835 1250 1893 1290 qui
1913 1259 1974 1290 per
1989 1252 2098 1291 apost.
2114 1250 2248 1282 litteras
2266 1251 2359 1283 idem

750 1303 791 1334 cl.
808 1312 851 1334 m.
872 1302 1044 1343 Philippo,
1061 1302 1103 1334 R.
1120 1303 1173 1338 F.,
1189 1302 1263 1342 ejus
1279 1304 1412 1342 patruo,
1432 1304 1655 1338 concesserat,
1673 1305 1710 1335 ut
1727 1303 1903 1335 confessor
1920 1304 2035 1343 ipsum
2053 1313 2072 1336 a
2084 1304 2282 1336 commissis
2299 1304 2358 1336 ab·

750 1357 883 1388 solvere
901 1356 1024 1393 valeat,
1041 1356 1107 1387 nisi
1124 1356 1207 1388 talia
1222 1356 1334 1387 forent
1351 1358 1491 1396 propter
1506 1366 1581 1397 quae
1598 1357 1703 1389 Sedes
1718 1357 1919 1397 Apostolica
1936 1358 1980 1389 sit
1997 1358 2120 1390 merito
2137 1357 2359 1390 consulenda.

750 1410 804 1449 (Α.
821 1411 872 1446 ao,
887 1410 911 1441 f.
925 1410 987 1442 408
1002 1409 1033 1447 ις
1057 1409 1090 1440 V.
1107 1411 1158 1445 86,
1175 1418 1227 1449 ep.
1247 1411 1352 1449 1971.)

794 1461 931 1493 41309.
949 1481 987 1486 —
1007 1463 1118 1494 Eidem
1134 1472 1227 1495 conc.
1249 1465 1297 1500 ut,
1315 1464 1597 1504 quotiescumque
1614 1464 1728 1503 ipsum
1749 1464 1791 1495 ad
1814 1464 1959 1505 alicujus
1982 1465 2134 1497 ecclesiae
2149 1465 2204 1497 vel
2220 1465 2359 1506 capellae

750 1517 998 1548 dedicationem
1014 1517 1068 1548 vel
1086 1517 1376 1548 consecrationem
1391 1517 1440 1548 ire
1455 1517 1510 1548 vel
1530 1518 1697 1548 interesse
1718 1518 1910 1558 contigerIt,
1927 1518 2001 1558 ipse
2019 1518 2198 1558 ipsiusque
2219 1518 2360 1552 obtentu

750 1579 868 1602 omnes
886 1571 946 1602 alii
962 1579 1042 1602 vere
1056 1570 1259 1610 poenitentes
1276 1572 1309 1602 et
1325 1571 1487 1608 confessi,
1507 1571 1565 1611 qui
1581 1572 1621 1602 ad
1637 1572 1790 1602 eamdem
1806 1571 1886 1603 eccl.
1902 1572 1956 1603 vel
1972 1572 2137 1611 capellam
2154 1572 2361 1605 accesserint

748 1624 806 1656 illa
823 1625 890 1657 die.
907 1624 1010 1655 unius
1035 1624 1114 1655 anni
1138 1625 1172 1655 et
1188 1624 1415 1664 quadraginta
1443 1624 1577 1656 dierum
1602 1625 1848 1664 indulgentiam
1875 1625 2001 1656 lucrari
2025 1625 2172 1662 valeant,
2189 1626 2232 1657 ad
2249 1626 2360 1658 instar

748 1678 887 1709 Martini
909 1678 1009 1717 Papae
1033 1678 1080 1710 IV
1108 1678 1165 1717 qui
1183 1677 1334 1709 similem
1358 1678 1616 1717 indulgentiam,
1637 1679 1678 1709 ad
1700 1679 1900 1710 instantiam
1928 1678 2019 1719 regis
2035 1679 2200 1716 Franciae,
2219 1679 2358 1720 proprio

748 1732 884 1763 nomine
902 1740 967 1763 non
984 1739 1160 1771 expresso,
1176 1731 1356 1763 concessit.
1375 1732 1428 1769 (A.
1443 1734 1494 1767 30,
1510 1732 1533 1763 f.
1545 1733 1606 1763 435
1619 1737 1648 1769 ³3
1670 1732 1703 1762 V.
1723 1733 1774 1769 86,
1791 1741 1844 1772 ep.
1865 1733 1970 1771 1972.)

791 1782 929 1814 41310.
947 1803 985 1808 —
1000 1784 1114 1815 Eidem
1132 1785 1200 1824 reyi
1218 1784 1424 1824 indulgetur,
1447 1785 1489 1816 ad
1515 1785 1800 1825 quinquennIum,
1818 1787 1865 1822 ut,
1887 1794 1963 1817 cum
1984 1785 2204 1818 interdictum
2219 1786 2255 1818 in
2271 1786 2358 1819 locis

746 1838 781 1869 in
798 1838 924 1878 quibus
939 1837 1040 1878 regiae
1058 1838 1196 1878 capellae
1211 1838 1363 1869 existant
1378 1839 1529 1878 positum
1544 1839 1659 1877 fuerit,
1678 1839 1813 1879 possint
1830 1839 1864 1870 in
1882 1839 2013 1871 eisdem
2028 1839 2169 1879 capellis
2184 1839 2359 1872 submissa

746 1901 838 1929 voce,
852 1892 967 1931 Januis
983 1891 1123 1928 clausiS‚
1139 1900 1206 1923 non
1224 1891 1373 1932 pulsatis
1388 1893 1576 1932 campanis,
1591 1893 1908 1928 excommunicans,
1922 1893 2109 1925 interdictis
2125 1901 2163 1924 ac
2179 1893 2258 1925 aliis
2272 1902 2356 1934 prae-
2423 1925 2426 1927 ,

744 1947 796 1977 ter
817 1946 1001 1977 servitores
1024 1945 1192 1976 dictarum
1209 1945 1416 1985 capellarum
1434 1947 1467 1977 et
1485 1946 1674 1977 familiares
1691 1955 1782 1984 suos,
1806 1946 1886 1978 dum
1904 1948 2018 1978 tamen
2038 1947 2096 1978 isti
2114 1947 2287 1979 interdicti
2302 1947 2358 1979 vel

745 1999 1030 2031 excommunicati
1044 2007 1110 2030 non
1127 1999 1287 2034 existant,
1305 1999 1468 2037 exclusis,
1486 1999 1604 2031 divina
1618 1999 1731 2031 officia
1747 2000 1924 2031 celebrari.
1943 2001 1995 2039 (A.
2014 2002 2067 2039 30,
2083 2000 2107 2032 1.
2126 2002 2184 2032 435
2199 2006 2231 2038 ¹3
2251 2000 2288 2032 V.
2304 2001 2355 2038 86,

744 2062 797 2093 ep.
816 2054 922 2092 1973.)

788 2103 928 2135 41311.
948 2124 985 2129 ——
1005 2106 1118 2138 Eidem
1141 2106 1452 2147 reqi.1ndulgentia
1474 2117 1511 2137 XL
1533 2107 1665 2138 dierum
1690 2107 1887 2139 conceditur
1909 2107 2087 2139 orantibus
2113 2116 2175 2148 pro
2197 2116 2249 2145 ee,
2270 2107 2354 2140 dum
2407 2140 2410 2142 ,

743 2160 881 2196 vixerit,
896 2161 928 2191 et
945 2169 1005 2200 pro
1022 2160 1137 2191 anima
1154 2168 1228 2198 sua,
1250 2161 1328 2199 post
1344 2160 1417 2200 ejus
1434 2159 1577 2198 obitum,
1605 2161 1646 2191 ad
1671 2160 1781 2191 instar
1801 2161 1972 2192 Caelestini
1989 2162 2089 2201 Papae
2103 2162 2134 2193 V
2153 2162 2186 2193 et
2203 2161 2357 2194 Clemen-

742 2214 788 2245 tis
806 2214 907 2254 Papae
924 2215 954 2246 V
974 2214 1032 2254 qui
1051 2213 1362 2253 praedecessoribus
1380 2213 1455 2253 eius
1472 2214 1628 2245 diversas
1643 2223 1746 2254 super
1761 2214 1824 2245 hoc
1846 2214 2077 2254 indulgentias
2096 2223 2156 2254 per
2173 2215 2283 2255 apost.
2300 2214 2355 2246 lit·

742 2269 833 2299 teras
858 2268 1109 2300 concesserunt.
1139 2267 1194 2308 (A.
1221 2269 1272 2303 30,
1300 2266 1324 2298 1.
1352 2268 1412 2298 435
1441 2272 1469 2304 ⁸3
1510 2267 1546 2298 V.
1574 2269 1625 2304 86,
1660 2276 1713 2308 ep.
1745 2269 1840 2304 1974;
1871 2268 2001 2305 Tardis,
2034 2277 2086 2309 op.
2117 2268 2184 2305 cit„
2212 2277 2246 2308 p.
2280 2269 2352 2304 191,

742 2330 775 2353 11.
794 2321 990 2361 CCXVIII.)

785 2372 922 2405 41312.
940 2393 977 2398 -
994 2374 1109 2406 Eidem
1132 2375 1199 2415 reqi
1224 2374 1421 2415 indulgetur
1437 2375 1473 2405 ut
1493 2375 1609 2406 nullus
1628 2375 1664 2406 in
1681 2375 1754 2414 ejus
1775 2383 1957 2415 personam
1982 2374 2348 2406 excommunicationis

742 2430 799 2460 aut
816 2428 988 2460 interdicti
1005 2428 1210 2460 sententiam
1231 2428 1446 2468 promulgare
1461 2429 1520 2459 aut
1542 2428 1610 2468 ipsi
1637 2428 1831 2468 ingressum
1849 2429 2000 2460 ecclesiae
2016 2428 2219 2460 interdicere
2239 2427 2352 2461 valeat

741 2482 869 2522 absque
884 2483 925 2514 A.
944 2482 978 2514 S.
997 2482 1138 2522 speciali
1161 2482 1332 2520 mandato,
1357 2482 1399 2513 ad
1421 2482 1530 2513 instar
1547 2482 1715 2514 Bonifacii
1734 2490 1832 2522 papae
1853 2482 1933 2514 VIII
1955 2482 2013 2522 qui
2039 2482 2130 2514 idem
2150 2481 2182 2514 b.
2206 2490 2253 2513 m.
2273 2481 2354 2514 Phi-

740 2536 844 2577 lippo,
863 2537 904 2568 R.
922 2536 974 2573 F„
990 2535 1064 2576 ejus
1080 2537 1212 2576 patruo,
1232 2535 1412 2567 concessit.
1431 2535 1484 2576 (A.
1507 2537 1558 2573 30,
1577 2535 1602 2567 1.
1624 2537 1685 2568 435
1703 2535 1734 2573 ”3
1759 2535 1793 2567 V.
1810 2537 1863 2571 86,
1881 2544 1932 2576 ep.
1955 2536 2062 2575 1975.)
2385 2573 2387 2575 ¹

784 2586 924 2620 41313.
942 2608 982 2613 —
998 2589 1112 2620 Eidem
1131 2589 1197 2630 reyi
1214 2589 1411 2630 indulgetur
1432 2590 1470 2621 ut
1489 2589 1605 2620 clerici
1623 2592 1656 2621 et
1678 2598 1751 2629 cap.
1770 2590 1824 2621 sui
1841 2589 1987 2630 propriae
2003 2589 2153 2629 capellae,
2169 2597 2207 2620 ac
2225 2588 2287 2620 alii
2301 2588 2353 2621 fa-

739 2643 812 2675 mil.
831 2645 863 2675 et
883 2643 1063 2675 domestici
1088 2643 1202 2675 clerici
1224 2642 1290 2681 sui,
1314 2644 1501 2683 praesentes
1525 2643 1558 2674 et
1577 2643 1717 2683 posteri,
1739 2642 1814 2674 suis
1830 2642 2005 2682 obsequiis
2024 2642 2236 2681 insistentes,
2259 2642 2352 2674 dele-

739 2698 906 2738 gationes,
927 2698 984 2729 aut
1000 2696 1299 2738 subdelegationes
1317 2705 1377 2728 seu
1393 2697 1479 2728 alias
1498 2696 1762 2728 commissiones
1779 2704 2011 2736 quascumque
2027 2696 2060 2728 S.
2077 2696 2117 2728 A.
2136 2704 2198 2728 seu
2216 2696 2350 2728 ordina-

739 2750 870 2782 riorum
896 2751 1001 2783 invite
1018 2751 1169 2791 recipere
1189 2750 1329 2782 minime
1344 2751 1537 2788 teneantur,
1557 2749 1686 2790 absque
1710 2749 1855 2791 alicujus
1878 2758 1984 2790 poenae
1999 2749 2204 2781 incursione.
2225 2749 2279 2789 (A.
2298 2751 2350 2788 30,

740 2805 763 2837 1.
775 2806 836 2836 435
852 2805 886 2841 b;
913 2804 946 2836 V.
963 2806 1014 2842 86,
1033 2813 1085 2845 ep.
1102 2805 1208 2843 1976.)
1924 2825 1928 2828 -

783 2855 920 2888 41314.
939 2876 975 2881 -
994 2857 1108 2889 Eidem
1127 2857 1322 2898 indulgetur
1337 2858 1375 2889 ut
1389 2857 1518 2894 clerici,
1538 2857 1611 2889 suis
1626 2856 1803 2897 obsequiis
1820 2857 2034 2895 insistentes,
2050 2856 2182 2888 fructus
2198 2856 2350 2888 omnium

738 2911 849 2944 benef.
879 2921 1020 2944 suorum
1046 2912 1177 2952 integre
1204 2911 1409 2952 percipiant,
1433 2911 1476 2943 ad
1503 2911 1613 2943 instar
1640 2910 1826 2943 Alexandri
1851 2910 1953 2951 Papae
1980 2911 2039 2947 IV,
2060 2910 2120 2950 qui
2145 2910 2187 2942 cl.
2207 2919 2253 2942 m.
2277 2909 2351 2950 regi

739 2966 902 3003 Franctae,
923 2966 996 2998 sine
1014 2965 1237 3006 expressione
1253 2965 1385 3006 proprii
1402 2965 1565 3002 nominis,
1584 2966 1617 2996 et
1635 2964 1775 2997 Martini
1790 2964 1893 3004 Papae
1909 2964 1971 3000 IV,
1985 2964 2046 3004 qui
2064 2964 2106 2996 cl.
2125 2972 2172 2996 m.
2189 2962 2349 3004 Philippo

739 3019 782 3051 R.
798 3019 851 3056 F.,
867 3019 978 3060 ipsius
995 3019 1087 3060 regis
1106 3027 1181 3058 aVO,
1200 3019 1289 3051 idem
1306 3019 1380 3051 sine
1403 3018 1631 3060 praefinitione
1649 3018 1816 3059 temporis
1832 3017 2051 3050 indulserunt
2062 3026 2072 3056 ;
2091 3017 2286 3049 conceditur
2299 3016 2350 3048 in-
